Experiment,Year,Run,Sample,Side1,YolkArea1px,YolkArea1um,YolkArea1mm,YolkCount1,BodyArea1px,BodyArea1um,BodyArea1mm,BodyCount1,YolkDensity1um,YolkDensity1mm,BodyDensity1um,BodyDensity1mm,TotalArea1um,TotalArea1mm,TotalCount1,TotalDensity1um,TotalDensity1mm,Side2,YolkArea2px,YolkArea2um,YolkArea2mm,YolkCount2,BodyArea2px,BodyArea2um,BodyArea2mm,BodyCount2,YolkDensity2um,YolkDensity2mm,BodyDensity2um,BodyDensity2mm,TotalArea2um,TotalArea2mm,TotalCount2,TotalDensity2um,TotalDensity2mm,AverageYolkDensityum,SDYolkum,AverageYolkDensitymm,SDYolkmm,AverageBodyDensityum,SDBodyum,AverageBodyDensitymm,SDBodymm,AverageTotalDensityum,SDTotalum,AverageTotalDensitymm,SDTotalmm
exp1,2016,run1,2016-1,R,330799,294374.2156,0.294374216,12,534747,475865.1891,0.475865189,22,4.08E-05,40.76443983,4.62E-05,46.23158093,770239.4047,0.770239405,34,4.41E-05,44.1421197,R,342612,304886.4681,0.304886468,17,512163,455767.9479,0.455767948,40,5.58E-05,55.75846021,8.78E-05,87.76396011,760654.416,0.760654416,57,7.49E-05,74.93547503,4.83E-05,1.06E-05,48.26145002,10.60237349,6.70E-05,2.94E-05,66.99777052,29.36782696,5.95E-05,2.18E-05,59.53879737,21.77419037
exp1,2016,run1,2016-2,R,278197,247564.3024,0.247564302,21,634424,564566.602,0.564566602,31,8.48E-05,84.82644629,5.49E-05,54.90937631,812130.9044,0.812130904,52,6.40E-05,64.02908659,R,284860,253493.6293,0.253493629,30,644805,573804.5342,0.573804534,61,0.000118346,118.3461694,0.000106308,106.3079784,827298.1635,0.827298163,91,0.000109997,109.9966179,0.000101586,2.37E-05,101.5863079,23.70202354,8.06E-05,3.63E-05,80.60867733,36.34430005,8.70E-05,3.25E-05,87.01285226,32.50395312
exp1,2016,run1,2016-3,R,306541,272787.3012,0.272787301,15,531597,473062.0404,0.47306204,53,5.50E-05,54.98789693,0.000112036,112.0360449,745849.3416,0.745849342,68,9.12E-05,91.1712275,R,388237,345487.6295,0.34548763,24,446580,397406.3925,0.397406392,93,6.95E-05,69.46703138,0.000234017,234.0173731,742894.022,0.742894022,117,0.000157492,157.4921813,6.22E-05,1.02E-05,62.22746416,10.23829415,0.000173027,8.63E-05,173.026709,86.25382432,0.000124332,4.69E-05,124.3317044,46.89599617
exp1,2016,run1,2016-4,R,467120,415684.7016,0.415684702,8,600505,534382.475,0.534382475,80,1.92E-05,19.24535584,0.000149706,149.7055082,950067.1766,0.950067177,88,9.26E-05,92.62502922,R,465516,414257.3205,0.41425732,16,604025,537514.8824,0.537514882,102,3.86E-05,38.62333677,0.000189762,189.7621877,951772.2029,0.951772203,118,0.000123979,123.9792459,2.89E-05,1.37E-05,28.93434631,13.70230172,0.000169734,2.83E-05,169.7338479,28.32434969,0.000108302,2.22E-05,108.3021376,22.17077924
exp1,2016,run1,2016-5,L,417000,371083.4915,0.371083492,23,501048,445876.8376,0.445876838,126,6.20E-05,61.98066075,0.000282589,282.5892475,816960.3291,0.816960329,149,0.000182383,182.383397,L,422105,375626.3722,0.375626372,41,486475,432908.4929,0.432908493,157,0.000109151,109.1510156,0.000362663,362.6632477,808534.8651,0.808534865,198,0.000244887,244.8873989,8.56E-05,3.34E-05,85.56583816,33.35447777,0.000322626,5.66E-05,322.6262476,56.62086855,0.000213635,4.42E-05,213.6353979,44.1970036
exp1,2016,run1,2016-6,R,313355,278851.0012,0.278851001,3,550175,489594.3884,0.489594388,21,1.08E-05,10.75843367,4.29E-05,42.89264848,768445.3896,0.76844539,24,3.12E-05,31.23188756,R,329382,293113.2437,0.293113244,9,521866,464402.5357,0.464402536,28,3.07E-05,30.70485621,6.03E-05,60.29252178,757515.7794,0.757515779,37,4.88E-05,48.84386703,2.07E-05,1.41E-05,20.73164494,14.10425064,5.16E-05,1.23E-05,51.59258513,12.3035684,4.00E-05,1.25E-05,40.03787729,12.45355011
exp1,2016,run1,2016-7,L,401514,357302.6787,0.357302679,6,556867,495549.522,0.495549522,114,1.68E-05,16.79248536,0.000230048,230.0476439,852852.2007,0.852852201,120,0.000140704,140.7043329,L,412560,367132.3867,0.367132387,29,546506,486329.3876,0.486329388,156,7.90E-05,78.99057955,0.00032077,320.7702516,853461.7743,0.853461774,185,0.000216764,216.7642483,4.79E-05,4.40E-05,47.89153245,43.98069418,0.000275409,6.42E-05,275.4089478,64.15057105,0.000178734,5.38E-05,178.7342906,53.78248196
exp1,2016,run1,2016-8,L,376371,334928.2129,0.334928213,11,427762,380660.4712,0.380660471,55,3.28E-05,32.84285878,0.000144486,144.4857141,715588.6842,0.715588684,66,9.22E-05,92.23175472,L,384146,341847.0958,0.341847096,32,446690,397504.2802,0.39750428,65,9.36E-05,93.609103,0.00016352,163.5202518,739351.376,0.739351376,97,0.000131196,131.1960769,6.32E-05,4.30E-05,63.22598089,42.96822335,0.000154003,1.35E-05,154.0029829,13.45945074,0.000111714,2.76E-05,111.7139158,27.55193646
exp1,2016,run1,2016-9,R,343413,305599.2688,0.305599269,17,563472,501427.2354,0.501427235,141,5.56E-05,55.62840536,0.000281197,281.1973305,807026.5041,0.807026504,158,0.00019578,195.780435,R,373142,332054.7631,0.332054763,41,513960,457367.0775,0.457367077,160,0.000123474,123.4736091,0.000349828,349.8284155,789421.8406,0.789421841,201,0.000254617,254.6167203,8.96E-05,4.80E-05,89.55100721,47.97380361,0.000315513,4.85E-05,315.512873,48.52950561,0.000225199,4.16E-05,225.1985776,41.60353637
exp1,2016,run1,2016-10,R,352229,313444.5255,0.313444526,4,935535,832521.8088,0.832521809,142,1.28E-05,12.76142882,0.000170566,170.5661023,1145966.334,1.145966334,146,0.000127403,127.4033937,R,373475,332351.0959,0.332351096,20,592380,527152.1312,0.527152131,179,6.02E-05,60.17732526,0.00033956,339.5604217,859503.2271,0.859503227,199,0.000231529,231.52909,3.65E-05,3.35E-05,36.46937704,33.52810191,0.000255063,0.000119497,255.063262,119.4970293,0.000179466,7.36E-05,179.4662418,73.62798596
exp1,2016,run1,2016-11,L,356765,317481.0596,0.31748106,13,601679,535427.2041,0.535427204,114,4.09E-05,40.94732459,0.000212914,212.9140976,852908.2637,0.852908264,127,0.000148902,148.9022975,L,377597,336019.2162,0.336019216,26,563047,501049.0328,0.501049033,141,7.74E-05,77.37652713,0.00028141,281.4095843,837068.249,0.837068249,167,0.000199506,199.505835,5.92E-05,2.58E-05,59.16192586,25.75933615,0.000247162,4.84E-05,247.1618409,48.43362308,0.000174204,3.58E-05,174.2040663,35.78210457
exp1,2016,run1,2016-12,L,291177,259115.0547,0.259115055,1,566905,504482.2225,0.504482222,66,3.86E-06,3.859289462,0.000130827,130.8272067,763597.2772,0.763597277,67,8.77E-05,87.74258631,L,320939,285599.9153,0.285599915,17,536625,477536.3996,0.4775364,73,5.95E-05,59.52382717,0.000152868,152.8679281,763136.315,0.763136315,90,0.000117934,117.9343693,3.17E-05,3.94E-05,31.69155832,39.36077209,0.000141848,1.56E-05,141.8475674,15.58514355,0.000102838,2.13E-05,102.8384778,21.34881449
exp1,2016,run1,2016-13,R,380733,338809.9064,0.338809906,11,457745,407341.9972,0.407341997,95,3.25E-05,32.46658315,0.000233219,233.2192621,746151.9036,0.746151904,106,0.000142062,142.0622255,R,383980,341699.3743,0.341699374,13,438666,390363.8151,0.390363815,88,3.80E-05,38.04513844,0.000225431,225.4307305,732063.1894,0.732063189,101,0.000137966,137.9662322,3.53E-05,3.94E-06,35.2558608,3.944634274,0.000229325,5.51E-06,229.3249963,5.507323492,0.000140014,2.90E-06,140.0142289,2.89630462
exp1,2016,run1,2016-14,R,299537,266554.5223,0.266554522,9,612159,544753.2352,0.544753235,71,3.38E-05,33.76419924,0.000130334,130.334242,811307.7576,0.811307758,80,9.86E-05,98.60623081,R,309960,275829.8298,0.27582983,12,575732,512337.268,0.512337268,74,4.35E-05,43.5050843,0.000144436,144.4361061,788167.0978,0.788167098,86,0.000109114,109.1139179,3.86E-05,6.89E-06,38.63464177,6.887845882,0.000137385,9.97E-06,137.3851741,9.971523726,0.00010386,7.43E-06,103.8600744,7.430056794
exp1,2016,run1,2016-15,R,307572,273704.7762,0.273704776,2,631602,562055.3367,0.562055337,41,7.31E-06,7.307143222,7.29E-05,72.94655405,835760.1129,0.835760113,43,5.15E-05,51.45017013,R,299069,266138.0545,0.266138055,4,623591,554926.4402,0.55492644,44,1.50E-05,15.02979349,7.93E-05,79.28978836,821064.4947,0.821064495,48,5.85E-05,58.46069378,1.12E-05,5.46E-06,11.16846836,5.460738375,7.61E-05,4.49E-06,76.1181712,4.485343996,5.50E-05,4.96E-06,54.95543196,4.95718881
exp1,2016,run1,2016-16,R,365907,325616.42,0.32561642,10,586516,521933.8252,0.521933825,125,3.07E-05,30.71098196,0.000239494,239.4939626,847550.2452,0.847550245,135,0.000159283,159.2825921,R,402293,357995.9018,0.357995902,20,537160,478012.49,0.47801249,168,5.59E-05,55.86656132,0.000351455,351.4552517,836008.3918,0.836008392,188,0.000224878,224.8781254,4.33E-05,1.78E-05,43.28877164,17.78768075,0.000295475,7.92E-05,295.4746072,79.16858682,0.00019208,4.64E-05,192.0803588,46.38304644
exp1,2016,run1,2016-17,L,288100,256376.8679,0.256376868,8,522731,465172.2892,0.465172289,100,3.12E-05,31.20406324,0.000214974,214.9741124,721549.1571,0.721549157,108,0.000149678,149.6779518,L,304533,271000.4051,0.271000405,16,483893,430610.8009,0.430610801,128,5.90E-05,59.04050215,0.000297252,297.2521816,701611.206,0.701611206,144,0.000205242,205.2418758,4.51E-05,1.97E-05,45.1222827,19.68333471,0.000256113,5.82E-05,256.113147,58.17938069,0.00017746,3.93E-05,177.4599138,39.28962741
exp1,2016,run1,2016-18,L,365581,325326.3164,0.325326316,3,439682,391267.9418,0.391267942,63,9.22E-06,9.22151037,0.000161015,161.0149805,716594.2581,0.716594258,66,9.21E-05,92.10232883,L,377620,336039.6836,0.336039684,15,435025,387123.7312,0.387123731,87,4.46E-05,44.63758517,0.000224734,224.7343497,723163.4148,0.723163415,102,0.000141047,141.0469583,2.69E-05,2.50E-05,26.92954777,25.04294666,0.000192875,4.51E-05,192.8746651,45.05639812,0.000116575,3.46E-05,116.5746436,34.60907939
exp1,2016,run1,2016-19,R,446567,397394.8239,0.397394824,4,546622,486432.6147,0.486432615,138,1.01E-05,10.06555637,0.000283698,283.6980824,883827.4386,0.883827439,142,0.000160665,160.6648468,R,441487,392874.1905,0.39287419,12,532557,473916.3333,0.473916333,163,3.05E-05,30.54412912,0.000343943,343.9425665,866790.5238,0.866790524,175,0.000201894,201.8942238,7.94E-05,1.45E-05,20.30484274,14.48053766,0.00031382,4.26E-05,313.8203245,42.59928324,0.00018128,2.92E-05,181.2795353,29.15357207
exp1,2016,run1,2016-20,R,279991,249160.7623,0.249160762,23,752456,669601.9178,0.669601918,98,9.23E-05,92.30987972,0.000146356,146.3556143,918762.6801,0.91876268,121,0.000131699,131.6988626,R,271924,241982.032,0.241982032,36,734881,653962.1279,0.653962128,118,0.000148771,148.7713765,0.000180439,180.4385835,895944.16,0.89594416,154,0.000171886,171.8857122,0.000120541,3.99E-05,120.5406281,39.92430727,0.000163397,2.41E-05,163.3970989,24.10029863,0.000151792,2.84E-05,151.7922874,28.41639382
exp1,2016,run1,2016-21,R,414781,369108.829,0.369108829,21,535933,476920.5968,0.476920597,201,5.69E-05,56.89378944,0.000421454,421.4538046,846029.4258,0.846029426,222,0.000262402,262.4022206,R,413717,368161.9877,0.368161988,48,535039,476125.0365,0.476125037,191,0.000130377,130.3773926,0.000401155,401.1551281,844287.0242,0.844287024,239,0.000283079,283.079087,9.36E-05,5.20E-05,93.63559101,51.96075408,0.000411304,1.44E-05,411.3044663,14.3533318,0.000272741,1.46E-05,272.7406538,14.62075249
exp1,2016,run1,2016-22,L,393898,350525.2881,0.350525288,16,537846,478622.9535,0.478622953,90,4.56E-05,45.64577947,0.000188039,188.0394564,829148.2416,0.829148242,106,0.000127842,127.8420368,L,397221,353482.3875,0.353482388,24,526454,468485.344,0.468485344,103,6.79E-05,67.89588632,0.000219857,219.8574647,821967.7315,0.821967732,127,0.000154507,154.5072819,5.68E-05,1.57E-05,56.7708329,15.73320144,0.000203948,2.25E-05,203.9484606,22.49872944,0.000141175,1.89E-05,141.1746593,18.85517564
exp1,2016,run1,2016-23,R,321673,286253.0935,0.286253093,9,537786,478569.5601,0.47856956,65,3.14E-05,31.44070826,0.000135821,135.8214258,764822.6536,0.764822654,74,9.68E-05,96.75445628,R,331504,295001.587,0.295001587,36,511125,454844.2437,0.454844244,62,0.000122033,122.0332418,0.00013631,136.3103983,749845.8307,0.749845831,98,0.000130694,130.6935319,7.67E-05,6.41E-05,76.73697503,64.0585948,0.000136066,3.46E-07,136.065912,0.345755745,0.000113724,2.40E-05,113.7239941,23.99855053
exp1,2016,run1,2016-24,L,337091,299973.3939,0.299973394,8,541594,481958.2554,0.481958255,101,2.67E-05,26.66903187,0.000209562,209.561718,781931.6493,0.781931649,109,0.000139398,139.3983734,L,370184,329422.473,0.329422473,17,503845,448365.8556,0.448365856,123,5.16E-05,51.6054653,0.00027433,274.3295424,777788.3286,0.777788329,140,0.000179998,179.9975583,3.91E-05,1.76E-05,39.13724859,17.63272118,0.000241946,4.58E-05,241.9456302,45.79776785,0.000159698,2.87E-05,159.6979658,28.70795895
exp1,2016,run1,2016-25,R,274664,244420.3264,0.244420326,38,699368,622359.5187,0.622359519,149,0.00015547,155.4698848,0.000239411,239.4114584,866779.8452,0.866779845,187,0.000215741,215.741057,R,422230,375737.6082,0.375737608,36,500912,445755.8127,0.445755813,125,9.58E-05,95.81154298,0.000280423,280.4225911,821493.421,0.821493421,161,0.000195985,195.9845276,0.000125641,4.22E-05,125.6407139,42.18481808,0.000259917,2.90E-05,259.9170247,28.99925006,0.000205863,1.40E-05,205.8627923,13.96997596
exp1,2016,run1,2016-26,L,368695,328097.429,0.328097429,3,514096,457488.1023,0.457488102,86,9.14E-06,9.143625443,0.000187983,187.9830307,785585.5314,0.785585531,89,0.000113291,113.2912922,L,383263,341061.3243,0.341061324,18,472903,420830.9266,0.420830927,75,5.28E-05,52.77643262,0.000178219,178.218841,761892.2509,0.761892251,93,0.000122065,122.0645044,3.10E-05,3.09E-05,30.96002903,30.85305384,0.000183101,6.90E-06,183.1009359,6.904324774,0.000117678,6.20E-06,117.6778983,6.203597814
exp1,2016,run1,2016-27,R,218764,194675.561,0.194675561,3,706335,628559.3717,0.628559372,55,1.54E-05,15.41025481,8.75E-05,87.5016784,823234.9327,0.823234933,58,7.05E-05,70.45376441,R,229335,204082.572,0.204082572,5,682321,607189.59,0.60718959,93,2.45E-05,24.49988723,0.000153165,153.1646812,811272.162,0.811272162,98,0.000120798,120.7979327,2.00E-05,6.43E-06,19.95507102,6.427340724,0.000120333,4.64E-05,120.3331798,46.43075457,9.56E-05,3.56E-05,95.62584853,35.59870277
exp1,2016,run1,2016-28,R,328321,292169.072,0.292169072,13,562733,500769.6078,0.500769608,49,4.45E-05,44.49478485,9.78E-05,97.8493887,792938.6798,0.79293868,62,7.82E-05,78.19015717,R,352917,314056.7688,0.314056769,27,503544,448097.9992,0.448097999,59,8.60E-05,85.97171812,0.000131668,131.6676265,762154.768,0.762154768,86,0.000112838,112.8379741,6.52E-05,2.93E-05,65.23325149,29.32862078,0.000114759,2.39E-05,114.7585076,23.91310529,9.55E-05,2.45E-05,95.51406566,24.49970633
exp1,2016,run1,2016-29,R,320020,284782.1078,0.284782108,84,617380,549399.3429,0.549399343,101,0.000294962,294.9623508,0.000183837,183.8371329,834181.4508,0.834181451,185,0.000221774,221.7742912,R,328454,292287.4272,0.292287427,48,592867,527585.5069,0.527585507,105,0.000164222,164.2219115,0.00019902,199.0198719,819872.9341,0.819872934,153,0.000186614,186.6142833,0.000229592,9.24E-05,229.5921312,92.44745122,0.000191429,1.07E-05,191.4285024,10.73581773,0.000204194,2.49E-05,204.1942873,24.86188002
exp1,2016,run1,2016-30,R,357132,317807.6487,0.317807649,11,886996,789327.5124,0.789327512,66,3.46E-05,34.6121311,8.36E-05,83.61548149,1107135.161,1.107135161,77,6.95E-05,69.54887055,R,370813,329982.2128,0.329982213,17,501589,446358.2672,0.446358267,95,5.15E-05,51.51792836,0.000212834,212.8335173,776340.4801,0.77634048,112,0.000144267,144.2665981,4.31E-05,1.20E-05,43.06502973,11.95420388,0.000148224,9.14E-05,148.2244994,91.37094939,0.000106908,5.28E-05,106.9077343,52.8334118
exp1,2016,run1,2016-31,R,229257,204013.1607,0.204013161,24,694804,618298.0678,0.618298068,65,0.000117639,117.6394695,0.000105127,105.1272896,822311.2285,0.822311228,89,0.000108232,108.2315271,R,326861,290869.8348,0.290869835,12,558572,497066.7819,0.497066782,54,4.13E-05,41.25556714,0.000108637,108.6373139,787936.6167,0.787936617,66,8.38E-05,83.76308272,7.94E-05,5.40E-05,79.44751832,54.01157534,0.000106882,2.48E-06,106.8823017,2.481962002,9.60E-05,1.73E-05,95.9973049,17.30180294
exp1,2016,run1,2016-32,R,521098,463719.1014,0.463719101,15,915203,814428.5964,0.814428596,87,3.23E-05,32.3471687,0.000106823,106.823361,1278147.698,1.278147698,102,7.98E-05,79.80298378,R,523417,465782.7527,0.465782753,18,382120,340044.1817,0.340044182,80,3.86E-05,38.64462541,0.000235264,235.263546,805826.9345,0.805826934,98,0.000121614,121.6142025,3.55E-05,4.45E-06,35.49589705,4.452974343,0.000171043,9.08E-05,171.0434535,90.82092577,0.000100709,2.96E-05,100.7085931,29.56499629
exp1,2016,run1,2016-33,R,409418,364336.3572,0.364336357,9,585838,521330.4809,0.521330481,158,2.47E-05,24.70244823,0.000303071,303.070712,885666.838,0.885666838,167,0.000188558,188.5584882,R,398901,354977.4001,0.3549774,25,572762,509694.2992,0.509694299,197,7.04E-05,70.42701871,0.000386506,386.5061867,864671.6994,0.864671699,222,0.000256745,256.7448433,4.76E-05,3.23E-05,47.56473347,32.33215385,0.000344788,5.90E-05,344.7884493,58.99779001,0.000222652,4.82E-05,222.6516658,48.21503413
exp1,2016,run1,2016-34,R,265322,236106.9884,0.236106988,42,587343,522669.763,0.522669763,110,0.000177885,177.885459,0.000210458,210.4579369,758776.7514,0.758776751,152,0.000200322,200.3224265,L,141513,125930.7869,0.125930787,61,664417,591257.0269,0.591257027,108,0.000484393,484.3930662,0.000182662,182.6616769,717187.8138,0.717187814,169,0.000235643,235.6425984,0.000331139,0.000216734,331.1392626,216.7336075,0.00019656,1.97E-05,196.5598069,19.65492394,0.000217983,2.50E-05,217.9825125,24.97513309
exp1,2016,run1,2016-35,L,371977,331018.043,0.331018043,30,593010,527712.761,0.527712761,132,9.06E-05,90.62950082,0.000250136,250.1360774,858730.804,0.858730804,162,0.000188651,188.6505052,L,377024,335509.3101,0.33550931,45,564065,501954.9392,0.501954939,149,0.000134124,134.124445,0.000296839,296.8393941,837464.2493,0.837464249,194,0.000231652,231.6516796,0.000112377,3.08E-05,112.3769729,30.75556995,0.000273488,3.30E-05,273.4877357,33.02423193,0.000210151,3.04E-05,210.1510924,30.40642205
exp1,2016,run1,2016-36,L,388376,345611.324,0.345611324,23,524059,466354.0611,0.466354061,76,6.65E-05,66.54874538,0.000162966,162.9663089,811965.3851,0.811965385,99,0.000121926,121.9263799,L,385990,343488.0501,0.34348805,29,523904,466216.1284,0.466216128,102,8.44E-05,84.42797352,0.000218783,218.7826499,809704.1785,0.809704179,131,0.000161787,161.7874817,7.55E-05,1.26E-05,75.48835945,12.64252346,0.000190874,3.95E-05,190.8744794,39.46811319,0.000141857,2.82E-05,141.8569308,28.18605543
exp1,2016,run1,2016-37,L,367303,326858.7043,0.326858704,34,556627,495335.9488,0.495335949,177,0.00010402,104.0204821,0.000357333,357.3332411,822194.6531,0.822194653,211,0.00025663,256.6302264,L,382938,340772.1105,0.340772111,52,535586,476611.8055,0.476611806,163,0.000152595,152.5946473,0.000341997,341.9974036,817383.916,0.817383916,215,0.000263034,263.0342924,0.000128308,3.43E-05,128.3075647,34.34712158,0.000349665,1.08E-05,349.6653223,10.84407469,0.000259832,4.53E-06,259.8322594,4.528358493
exp1,2016,run1,2016-38,R,251621,223914.6264,0.223914626,22,465500,414243.0823,0.414243082,126,9.83E-05,98.25173259,0.000304169,304.1692315,638157.7087,0.638157709,148,0.000231918,231.9175934,R,246776,219603.1168,0.219603117,39,456272,406031.1915,0.406031191,123,0.000177593,177.5931078,0.000302932,302.9323918,625634.3083,0.625634308,162,0.000258937,258.9372064,0.000137922,5.61E-05,137.9224202,56.10282445,0.000303551,8.75E-07,303.5508117,0.874577725,0.000245427,1.91E-05,245.4273999,19.10575157
exp1,2016,run1,2016-39,R,343812,305954.3343,0.305954334,45,632110,562507.4001,0.5625074,167,0.000147081,147.080773,0.000296885,296.8849832,868461.7344,0.868461734,212,0.00024411,244.1097766,R,344869,306894.9464,0.306894946,54,593198,527880.06,0.52788006,206,0.000175956,175.9559766,0.00039024,390.2401618,834775.0064,0.834775006,260,0.000311461,311.4611698,0.000161518,2.04E-05,161.5183748,20.41785223,0.000343563,6.60E-05,343.5625725,66.01207985,0.000277785,4.76E-05,277.7854732,47.62462682
exp1,2016,run1,2016-40,R,414164,368559.7,0.3685597,36,603898,537402.2,0.5374022,142,9.77E-05,97.67752687,0.000264234,264.2341248,905961.9,0.9059619,178,0.000196476,196.4762536,R,428604,381409.8,0.3814098,43,586589,521999.2,0.5219992,129,0.00011274,112.7396307,0.000247127,247.1268155,903409,0.903409,172,0.00019039,190.3899563,0.000105209,1.07E-05,105.2085788,10.65051576,0.00025568,1.21E-05,255.6804702,12.09669442,0.000193433,4.30E-06,193.4331049,4.303662105
exp1,2016,run2,2016-41,L,315787,281015.6,0.2810156,4,563673,501605.7,0.5016057,6,1.42E-05,14.23408523,1.20E-05,11.96158656,782621.3,0.7826213,10,1.28E-05,12.77757199,L,309488,275409.7,0.2754097,6,576351,512888.3,0.5128883,3,2.18E-05,21.78572505,5.85E-06,5.84922682,788298,0.788298,9,1.14E-05,11.4170022,1.80E-05,5.34E-06,18.00990514,5.339815728,8.91E-06,4.32E-06,8.90540669,4.322091022,1.21E-05,9.62E-07,12.09728709,0.962068124
exp1,2016,run2,2016-42,L,240214,213763.7,0.2137637,31,827742,736598.3,0.7365983,86,0.00014502,145.0199449,0.000116753,116.7529168,950362,0.950362,117,0.000123111,123.110983,L,253469,225559.1,0.2255591,45,810205,720992,0.720992,85,0.000199504,199.5042541,0.000117893,117.893125,946551.1,0.9465511,130,0.000137341,137.3407099,0.000172262,3.85E-05,172.2620995,38.52622449,0.000117323,8.06E-07,117.3230209,0.806249003,0.000130226,1.01E-05,130.2258464,10.06193638
exp1,2016,run2,2016-43,L,286862,255275.4,0.2552754,13,632448,562807.9,0.5628079,26,5.09E-05,50.92539273,4.62E-05,46.19693505,818083.3,0.8180833,39,4.77E-05,47.67240695,L,307140,273320.2,0.2733202,14,616680,548776.2,0.5487762,32,5.12E-05,51.22197335,5.83E-05,58.31156672,822096.4,0.8220964,46,5.60E-05,55.9545085,5.11E-05,2.10E-07,51.07368304,0.209714165,5.23E-05,8.57E-06,52.25425088,8.566338207,5.18E-05,5.86E-06,51.81345773,5.856330164
exp1,2016,run2,2016-44,L,88296,370559.1029,0.370559103,10,105380,442256.9342,0.442256934,47,2.70E-05,26.98624841,0.000106273,106.2730652,812816.037,0.812816037,57,7.01E-05,70.12656912,L,89594,376006.5265,0.376006526,12,105979,444770.8068,0.444770807,68,3.19E-05,31.91433966,0.000152888,152.8877322,820777.3333,0.820777333,80,9.75E-05,97.46857857,2.95E-05,3.48E-06,29.45029403,3.484686741,0.00012958,3.30E-05,129.5803987,32.96154713,8.38E-05,1.93E-05,83.79757384,19.33372029
exp1,2016,run2,2016-46,R,43415,182203.3099,0.18220331,6,135724,569604.1007,0.569604101,10,3.29E-05,32.93024701,1.76E-05,17.55605338,751807.4106,0.751807411,16,2.13E-05,21.28204614,R,45172,189577.0567,0.189577057,9,141556,594079.7359,0.594079736,13,4.75E-05,47.47409923,2.19E-05,21.88258446,783656.7926,0.783656793,22,2.81E-05,28.07351408,4.02E-05,1.03E-05,40.20217312,10.28405654,1.97E-05,3.06E-06,19.71931892,3.059319466,2.47E-05,4.80E-06,24.67778011,4.802293035
exp1,2016,run2,2016-48,R,52390,219869.4323,0.219869432,14,101734,426955.4654,0.426955465,83,6.37E-05,63.67415357,0.0001944,194.3996663,646824.8977,0.646824898,97,0.000149963,149.9633059,R,63288,265605.9674,0.265605967,21,96934,406810.9096,0.40681091,77,7.91E-05,79.06448866,0.000189277,189.2771265,672416.8771,0.672416877,98,0.000145743,145.7429213,7.14E-05,1.09E-05,71.36932111,10.88261031,0.000191838,3.62E-06,191.8383964,3.622182647,0.000147853,2.98E-06,147.8531136,2.984262566
exp1,2016,run2,2016-49,R,64399,270268.5927,0.270268593,16,111679,468692.4668,0.468692467,25,5.92E-05,59.20036745,5.33E-05,53.33988014,738961.0595,0.73896106,41,5.55E-05,55.4833025,R,65111,273256.7018,0.273256702,10,105485,442697.5963,0.442697596,22,3.66E-05,36.59562577,4.97E-05,49.69532291,715954.2982,0.715954298,32,4.47E-05,44.69559032,4.79E-05,1.60E-05,47.89799661,15.98396613,5.15E-05,2.58E-06,51.51760152,2.577091131,5.01E-05,7.63E-06,50.08944641,7.628064433
exp1,2016,run2,2016-50,L,60539,254069.0125,0.254069012,2,107661,451829.7949,0.451829795,8,7.87E-06,7.871876937,1.77E-05,17.70578233,705898.8074,0.705898807,10,1.42E-05,14.16633644,L,58728,246468.6395,0.246468639,4,108275,454406.6193,0.454406619,18,1.62E-05,16.22924526,3.96E-05,39.61209902,700875.2588,0.700875259,22,3.14E-05,31.38932317,1.21E-05,5.91E-06,12.0505611,5.909551816,2.87E-05,1.55E-05,28.65894068,15.49010508,2.28E-05,1.22E-05,22.77782981,12.17849071
exp1,2016,run2,2016-51,R,78584,329799.9517,0.329799952,95,141277,592908.8336,0.592908834,124,0.000288053,288.0534078,0.000209138,209.1383919,922708.7854,0.922708785,219,0.000237345,237.3446568,R,79167,332246.6759,0.332246676,101,132460,555905.8028,0.555905803,94,0.000303991,303.9910022,0.000169093,169.0933959,888152.4787,0.888152479,195,0.000219557,219.5568944,0.000296022,1.13E-05,296.022205,11.26958109,0.000189116,2.83E-05,189.1158939,28.31608821,0.000228451,1.26E-05,228.4507756,12.57784741
exp1,2016,run2,2016-52,L,37602,157807.4135,0.157807414,28,180666,758215.8974,0.758215897,87,0.000177431,177.4314614,0.000114743,114.7430439,916023.3109,0.916023311,115,0.000125543,125.5426566,L,43111,180927.488,0.180927488,43,166679,699515.5013,0.699515501,78,0.000237664,237.6642735,0.000111506,111.5057491,880442.9894,0.880442989,121,0.000137431,137.4308177,0.000207548,4.26E-05,207.5478674,42.5910299,0.000113124,2.29E-06,113.1243965,2.289113087,0.000131487,8.41E-06,131.4867372,8.406199328
exp1,2016,run2,2016-53,L,46140,193639.5421,0.193639542,21,143964,604185.5881,0.604185588,81,0.000108449,108.4489241,0.000134065,134.0647669,797825.1301,0.79782513,102,0.000127848,127.8475648,L,51710,217015.6203,0.21701562,30,145267,609653.9956,0.609653996,77,0.000138239,138.2388971,0.000126301,126.3011488,826669.6159,0.826669616,107,0.000129435,129.4350221,0.000123344,2.11E-05,123.3439106,21.06469191,0.000130183,5.49E-06,130.1829578,5.489706988,0.000128641,1.12E-06,128.6412934,1.122501841
exp1,2016,run2,2016-54,L,75842,318292.3743,0.318292374,10,113078,474563.7654,0.474563765,118,3.14E-05,31.41765499,0.000248649,248.6494094,792856.1397,0.79285614,128,0.000161442,161.4416457,L,75120,315262.2973,0.315262297,18,116811,490230.3543,0.490230354,124,5.71E-05,57.09531445,0.000252942,252.9423136,805492.6516,0.805492652,142,0.00017629,176.2896281,4.43E-05,1.82E-05,44.25648472,18.15684713,0.000250796,3.04E-06,250.7958615,3.035541646,0.000168866,1.05E-05,168.8656369,10.49910904
exp1,2016,run2,2016-55,L,50086,210200.0456,0.210200046,34,143173,600865.9331,0.600865933,116,0.000161751,161.7506785,0.000193055,193.0547125,811065.9787,0.811065979,150,0.000184942,184.9417975,L,55340,232249.9406,0.232249941,49,148063,621388.1993,0.621388199,132,0.00021098,210.9796019,0.000212428,212.4275938,853638.1399,0.85363814,181,0.000212034,212.0336376,0.000186365,3.48E-05,186.3651402,34.81010555,0.000202741,1.37E-05,202.7411532,13.69869571,0.000198488,1.92E-05,198.4877176,19.15682386
exp1,2016,run2,2016-56,L,396773,353083.7175,0.353083717,4,714993,636264.0261,0.636264026,62,1.13E-05,11.32875803,9.74E-05,97.44382436,989347.7435,0.989347744,66,6.67E-05,66.71061862,L,418035,372004.5261,0.372004526,79,546144,486007.248,0.486007248,6,0.000212363,212.3630076,1.23E-05,12.3454949,858011.7741,0.858011774,85,9.91E-05,99.06623961,0.000111846,0.000142153,111.8458828,142.1526811,5.49E-05,6.02E-05,54.89465963,60.17360583,8.29E-05,2.29E-05,82.88842911,22.87887901
exp1,2016,run2,2016-57,L,455533,405373.5639,0.405373564,38,582272,518157.1386,0.518157139,131,9.37E-05,93.74069595,0.000252819,252.8190586,923530.7025,0.923530702,169,0.000182993,182.9933748,L,482208,429111.3388,0.429111339,27,557279,495916.1561,0.495916156,104,6.29E-05,62.92073305,0.000209713,209.7128693,925027.4949,0.925027495,131,0.000141617,141.6174122,7.83E-05,2.18E-05,78.3307145,21.79300476,0.000231266,3.05E-05,231.2659639,30.48067882,0.000162305,2.93E-05,162.3053935,29.25722378
exp1,2016,run2,2016-58,L,354606,315559.7904,0.31555979,10,686786,611162.942,0.611162942,183,3.17E-05,31.68971556,0.000299429,299.4291496,926722.7324,0.926722732,193,0.000208261,208.260781,L,436565,388494.1594,0.388494159,23,605036,538414.5597,0.53841456,113,5.92E-05,59.20294924,0.000209875,209.8754537,926908.7191,0.926908719,136,0.000146724,146.7242644,4.54E-05,1.95E-05,45.4463324,19.45479411,0.000254652,6.33E-05,254.6523017,63.32402565,0.000177493,4.35E-05,177.4925227,43.51288814
exp1,2016,run2,2016-59,L,282445,251344.5486,0.251344549,5,630664,561220.6214,0.561220621,35,1.99E-05,19.89301152,6.24E-05,62.36406623,812565.17,0.81256517,40,4.92E-05,49.22682079,L,312004,277648.7619,0.277648762,15,595675,530084.3137,0.530084314,29,5.40E-05,54.02509235,5.47E-05,54.708278,807733.0756,0.807733076,44,5.45E-05,54.47344095,3.70E-05,2.41E-05,36.95905193,24.13502581,5.85E-05,5.41E-06,58.53617212,5.413459771,5.19E-05,3.71E-06,51.85013087,3.709920699
exp1,2016,run2,2016-60,L,427141,380107.8505,0.380107851,14,591219,526118.9707,0.526118971,111,3.68E-05,36.83165181,0.000210979,210.9788968,906226.8212,0.906226821,125,0.000137935,137.9345624,L,441383,392781.6421,0.392781642,18,565900,503587.8846,0.503587885,84,4.58E-05,45.82698902,0.000166803,166.8030598,896369.5266,0.896369527,102,0.000113792,113.7923557,4.13E-05,6.36E-06,41.32932042,6.360663942,0.000188891,3.12E-05,188.8909783,31.23703391,0.000125863,1.71E-05,125.863459,17.07111807
exp1,2016,run2,2016-61,R,397516,353744.9046,0.353744905,7,513181,456673.8544,0.456673854,42,1.98E-05,19.78827089,9.20E-05,91.96935537,810418.759,0.810418759,49,6.05E-05,60.46256883,R,416384,370535.3202,0.37053532,9,487953,434223.7481,0.434223748,31,2.43E-05,24.28918246,7.14E-05,71.39176551,804759.0683,0.804759068,40,4.97E-05,49.7043172,2.20E-05,3.18E-06,22.03872668,3.182625087,8.17E-05,1.46E-05,81.68056044,14.55055333,5.51E-05,7.61E-06,55.08344302,7.607232686
exp1,2016,run2,2016-62,R,313645,279109.0688,0.279109069,6,649714,578172.9967,0.578172997,9,2.15E-05,21.49697258,1.56E-05,15.56627523,857282.0655,0.857282066,15,1.75E-05,17.49715829,R,308452,274487.878,0.274487878,2,646582,575385.866,0.575385866,8,7.29E-06,7.286296264,1.39E-05,13.9037131,849873.744,0.849873744,10,1.18E-05,11.76645363,1.44E-05,1.00E-05,14.39163442,10.04846559,1.47E-05,1.18E-06,14.73499417,1.175608963,1.46E-05,4.05E-06,14.63180596,4.052220127
exp1,2016,run2,2016-63,R,283520,252301.1787,0.252301179,4,567745,505229.7288,0.505229729,8,1.59E-05,15.85406783,1.58E-05,15.83438096,757530.9075,0.757530907,12,1.58E-05,15.84093782,R,271332,241455.218,0.241455218,5,652626,580764.3519,0.580764352,16,2.07E-05,20.70777364,2.75E-05,27.54990031,822219.57,0.82221957,21,2.55E-05,25.54062293,1.83E-05,3.43E-06,18.28092073,3.432088296,2.17E-05,8.28E-06,21.69214064,8.284123176,2.07E-05,6.86E-06,20.69078037,6.858713117
exp1,2016,run2,2016-64,L,446538,397369.0171,0.397369017,14,605410,538747.378,0.538747378,20,3.52E-05,35.23173523,3.71E-05,37.12315051,936116.3951,0.936116395,34,3.63E-05,36.32026976,L,343517,305691.8172,0.305691817,1,692097,615889.1397,0.61588914,22,3.27E-06,3.27126846,3.57E-05,35.7207143,921580.9569,0.921580957,23,2.50E-05,24.95711291,1.93E-05,2.26E-05,19.25150184,22.59946278,3.64E-05,9.92E-07,36.42193241,0.991672154,3.06E-05,8.03E-06,30.63869134,8.034965263
exp1,2016,run2,2016-65,L,395342,351810.2871,0.351810287,14,638368,568076.3221,0.568076322,170,3.98E-05,39.79417463,0.000299256,299.2555637,919886.6092,0.919886609,184,0.000200025,200.0246532,L,385221,342803.7259,0.342803726,11,640567,570033.1869,0.570033187,160,3.21E-05,32.08833268,0.000280685,280.6854122,912836.9128,0.912836913,171,0.000187328,187.3280951,3.59E-05,5.45E-06,35.94125365,5.448853097,0.00028997,1.31E-05,289.9704879,13.13108008,0.000193676,8.98E-06,193.6763742,8.977822341
exp1,2016,run2,2016-66,L,318686,283594.9966,0.283594997,6,664416,591256.137,0.591256137,73,2.12E-05,21.15693179,0.000123466,123.4659489,874851.1336,0.874851134,79,9.03E-05,90.30107748,L,317486,282527.1304,0.28252713,8,645714,574613.4428,0.574613443,57,2.83E-05,28.3158647,9.92E-05,99.19712236,857140.5733,0.857140573,65,7.58E-05,75.83353539,2.47E-05,5.06E-06,24.73639825,5.062130005,0.000111332,1.72E-05,111.3315356,17.16065182,8.31E-05,1.02E-05,83.06730644,10.23009712
exp1,2016,run2,2016-67,R,422470,375951.1815,0.375951181,24,684548,609171.3716,0.609171372,43,6.38E-05,63.83807575,7.06E-05,70.5876901,985122.5531,0.985122553,67,6.80E-05,68.01184258,R,430320,382936.8059,0.382936806,29,668158,594586.0996,0.5945861,42,7.57E-05,75.73051101,7.06E-05,70.63737283,977522.9056,0.977522906,71,7.26E-05,72.63256912,6.98E-05,8.41E-06,69.78429338,8.409221621,7.06E-05,3.51E-08,70.61253147,0.035130995,7.03E-05,3.27E-06,70.32220585,3.267347069
exp1,2016,run2,2016-68,L,405282,360655.7785,0.360655778,9,1111779,989359.3121,0.989359312,34,2.50E-05,24.95454263,3.44E-05,34.36567442,1350015.091,1.350015091,43,3.19E-05,31.85149581,L,401413,357212.8,0.3572128,25,612733,545264.0312,0.545264031,21,7.00E-05,69.98629389,3.85E-05,38.51345183,902476.8312,0.902476831,46,5.10E-05,50.9708376,4.75E-05,3.18E-05,47.47041826,31.84225668,3.64E-05,2.93E-06,36.43956312,2.932921534,4.14E-05,1.35E-05,41.4111667,13.51941623
exp1,2016,run2,2016-69,R,261553,232752.9987,0.232752999,93,799096,711106.316,0.711106316,145,0.000399565,399.5652065,0.000203908,203.907625,943859.3147,0.943859315,238,0.000252156,252.1562232,R,459038,408492.623,0.408492623,26,590636,525600.1657,0.525600166,46,6.36E-05,63.64864024,8.75E-05,87.51899828,934092.7887,0.934092789,72,7.71E-05,77.08013687,0.000231607,0.000237529,231.6069234,237.5288819,0.000145713,8.23E-05,145.7133116,82.2991872,0.000164618,0.000123797,164.61818,123.7974879
exp1,2016,run2,2016-70,R,450983,401324.5714,0.401324571,59,446137,397012.1719,0.397012172,69,0.000147013,147.0131764,0.000173798,173.7981979,798336.7432,0.798336743,128,0.000160333,160.3333444,R,328811,292605.1174,0.292605117,46,568451,505857.99,0.50585799,52,0.000157208,157.2084604,0.000102796,102.7956482,798463.1074,0.798463107,98,0.000122736,122.7357897,0.000152111,7.21E-06,152.1108184,7.209154452,0.000138297,5.02E-05,138.296923,50.20638433,0.000141535,2.66E-05,141.534567,26.58548591
exp1,2016,run2,2016-71,L,363546,323515.3933,0.323515393,3,465818,414526.0668,0.414526067,22,9.27E-06,9.273129075,5.31E-05,53.07265757,738041.4601,0.73804146,25,3.39E-05,33.87343578,L,408992,363957.2647,0.363957265,7,499058,444105.9595,0.44410596,19,1.92E-05,19.23302728,4.28E-05,42.78258283,808063.2242,0.808063224,26,3.22E-05,32.17570014,1.43E-05,7.04E-06,14.25307818,7.04271156,4.79E-05,7.28E-06,47.9276202,7.276181629,3.30E-05,1.20E-06,33.02456796,1.200480377
exp1,2016,run2,2016-72,L,202320,180042.235,0.180042235,25,924273,822499.8848,0.822499885,110,0.000138856,138.8563078,0.000133739,133.7386205,1002542.12,1.00254212,135,0.000134658,134.657684,L,230601,205209.1708,0.205209171,41,875988,779531.6201,0.77953162,184,0.000199796,199.7961389,0.000236039,236.0391744,984740.7909,0.984740791,225,0.000228487,228.4865236,0.000169326,4.31E-05,169.3262233,43.09096784,0.000184889,7.23E-05,184.8888975,72.33741532,0.000181572,6.63E-05,181.5721038,66.34700876
exp1,2016,run2,2016-73,R,430426,383031.1341,0.383031134,17,640751,570196.9263,0.570196926,30,4.44E-05,44.38281509,5.26E-05,52.61340182,953228.0605,0.95322806,47,4.93E-05,49.30614398,R,459038,408492.623,0.408492623,26,590636,525600.1657,0.525600166,46,6.36E-05,63.64864024,8.75E-05,87.51899828,934092.7887,0.934092789,72,7.71E-05,77.08013687,5.40E-05,1.36E-05,54.01572766,13.6229956,7.01E-05,2.47E-05,70.06620005,24.68198396,6.32E-05,1.96E-05,63.19314043,19.63917871
exp1,2016,run2,2016-74,R,271403,241518.4001,0.2415184,7,692203,615983.4679,0.615983468,36,2.90E-05,28.98329898,5.84E-05,58.44312693,857501.868,0.857501868,43,5.01E-05,50.14566336,R,328811,292605.1174,0.292605117,46,568451,505857.99,0.50585799,52,0.000157208,157.2084604,0.000102796,102.7956482,798463.1074,0.798463107,98,0.000122736,122.7357897,9.31E-05,9.07E-05,93.09587968,90.66888115,8.06E-05,3.14E-05,80.61938758,31.36196857,8.64E-05,5.13E-05,86.44072651,51.32897055
exp1,2016,run2,2016-75,L,249242,221797.5818,0.221797582,76,1085144,965657.1327,0.965657133,175,0.000342655,342.6547728,0.000181224,181.223743,1187454.714,1.187454714,251,0.000211376,211.3764819,L,350752,312130.1603,0.31213016,19,637831,567598.452,0.567598452,46,6.09E-05,60.87204128,8.10E-05,81.04320904,879728.6123,0.879728612,65,7.39E-05,73.88642258,0.000201763,0.00019925,201.7634071,199.2504803,0.000131133,7.08E-05,131.133476,70.83833487,0.000142631,9.72E-05,142.6314523,97.22015331
exp1,2016,run2,2016-76,L,414704,369040.3076,0.369040308,9,546033,485908.4704,0.48590847,80,2.44E-05,24.38757993,0.00016464,164.6400606,854948.778,0.854948778,89,0.0001041,104.0998037,L,438787,390471.4916,0.390471492,23,553864,492877.187,0.492877187,61,5.89E-05,58.90314785,0.000123763,123.7630826,883348.6786,0.883348679,84,9.51E-05,95.09268768,4.16E-05,2.44E-05,41.64536389,24.40619213,0.000144202,2.89E-05,144.2015716,28.90438833,9.96E-05,6.37E-06,99.59624571,6.368992852
exp1,2016,run2,2016-77,R,194074,172704.2147,0.172704215,6,630050,560674.2298,0.56067423,36,3.47E-05,34.74147988,6.42E-05,64.20840853,733378.4446,0.733378445,42,5.73E-05,57.26920434,R,213866,190316.8873,0.190316887,8,694596,618112.971,0.618112971,37,4.20E-05,42.03515575,5.99E-05,59.85960777,808429.8583,0.808429858,45,5.57E-05,55.66345619,3.84E-05,5.16E-06,38.38831781,5.157407673,6.20E-05,3.08E-06,62.03400815,3.075066504,5.65E-05,1.14E-06,56.46633027,1.135435403
exp1,2016,run2,2016-78,R,256004,227815.0076,0.227815008,1,506890,451075.566,0.451075566,12,4.39E-06,4.389526443,2.66E-05,26.6030814,678890.5736,0.678890574,13,1.91E-05,19.14888865,R,327636,291559.4984,0.291559498,6,454009,404017.3739,0.404017374,17,2.06E-05,20.57898999,4.21E-05,42.0773984,695576.8723,0.695576872,23,3.31E-05,33.06607927,1.25E-05,1.14E-05,12.48425822,11.44767946,3.43E-05,1.09E-05,34.3402399,10.94199448,2.61E-05,9.84E-06,26.10748396,9.840939865
exp1,2016,run2,2016-80,L,484931,431534.5051,0.431534505,9,628406,559211.2532,0.559211253,41,2.09E-05,20.85580618,7.33E-05,73.31755176,990745.7583,0.990745758,50,5.05E-05,50.46703413,L,519865,462621.8689,0.462621869,19,729844,649479.7597,0.64947976,39,4.11E-05,41.07025905,6.00E-05,60.04806065,1112101.629,1.112101629,58,5.22E-05,52.15350694,3.10E-05,1.43E-05,30.96303262,14.2937767,6.67E-05,9.38E-06,66.6828062,9.382947147,5.13E-05,1.19E-06,51.31027053,1.192516356
exp1,2016,run5,2016-161,R,290447,258465.4361,0.258465436,38,484826,431441.0668,0.431441067,107,0.000147022,147.0215924,0.000248006,248.0060621,689906.503,0.689906503,145,0.000210173,210.1734067,R,298690,265800.7868,0.265800787,27,632542,562891.8319,0.562891832,91,0.00010158,101.5798348,0.000161665,161.6651634,828692.6187,0.828692619,118,0.000142393,142.3929661,0.000124301,3.21E-05,124.3007136,32.13217498,0.000204836,6.11E-05,204.8356128,61.05223492,0.000176283,4.79E-05,176.2831864,47.92800911
exp1,2016,run5,2016-162,R,220884,196562.1246,0.196562125,20,688483,612673.0827,0.612673083,44,0.000101749,101.749002,7.18E-05,71.81644051,809235.2073,0.809235207,64,7.91E-05,79.08701873,R,229022,203804.0369,0.203804037,34,647740,576416.3569,0.576416357,66,0.000166827,166.8269212,0.000114501,114.5005675,780220.3938,0.780220394,100,0.000128169,128.1689133,0.000134288,4.60E-05,134.2879616,46.01703796,9.32E-05,3.02E-05,93.15850403,30.18223567,0.000103628,3.47E-05,103.627966,34.70614048
exp1,2016,run5,2016-163,L,208526,185564.8829,0.185564883,10,577470,513883.8941,0.513883894,7,5.39E-05,53.88950671,1.36E-05,13.62175402,699448.777,0.699448777,17,2.43E-05,24.30485342,L,202218,179951.4664,0.179951466,10,574700,511418.9031,0.511418903,15,5.56E-05,55.5705391,2.93E-05,29.33016341,691370.3695,0.691370369,25,3.62E-05,36.16006862,5.47E-05,1.19E-06,54.7300229,1.188669404,2.15E-05,1.11E-05,21.47595872,11.1075228,3.02E-05,8.38E-06,30.23246102,8.382903058
exp1,2016,run5,2016-164,R,299212,266265.3086,0.266265309,43,645358,574296.6425,0.574296643,100,0.000161493,161.4930621,0.000174126,174.1260397,840561.9511,0.840561951,143,0.000170124,170.1242839,R,329155,292911.239,0.292911239,38,603368,536930.2257,0.536930226,56,0.000129732,129.7321336,0.000104297,104.2966056,829841.4647,0.829841465,94,0.000113275,113.2746482,0.000145613,2.25E-05,145.6125978,22.45836786,0.000139211,4.94E-05,139.2113227,49.37686639,0.000141699,4.02E-05,141.6994661,40.19876289
exp1,2016,run5,2016-165,R,295306,262789.4042,0.262789404,4,602827,536448.7961,0.536448796,55,1.52E-05,15.22131386,0.000102526,102.5260946,799238.2003,0.7992382,59,7.38E-05,73.82029535,R,299941,266914.0373,0.266914037,8,611533,544196.1651,0.544196165,53,3.00E-05,29.9721966,9.74E-05,97.39135151,811110.2023,0.811110202,61,7.52E-05,75.20556371,2.26E-05,1.04E-05,22.59675523,10.43044922,1.00E-04,3.63E-06,99.95872304,3.630811645,7.45E-05,9.80E-07,74.51292953,0.979532652
exp1,2016,run5,2016-166,R,142697,126984.4148,0.126984415,19,693231,616898.2732,0.616898273,26,0.000149625,149.6246608,4.21E-05,42.14633292,743882.688,0.743882688,45,6.05E-05,60.49340941,R,196876,175197.6822,0.175197682,23,636760,566645.3815,0.566645381,31,0.00013128,131.2802756,5.47E-05,54.7079373,741843.0637,0.741843064,54,7.28E-05,72.79167609,0.000140452,1.30E-05,140.4524682,12.9714392,4.84E-05,8.88E-06,48.42713511,8.882395639,6.66E-05,8.70E-06,66.64254275,8.696187767
exp1,2016,run5,2016-167,R,333381,296671.9077,0.296671908,17,693837,617437.5456,0.617437546,104,5.73E-05,57.30235847,0.000168438,168.4380886,914109.4533,0.914109453,121,0.000132369,132.3692689,R,306929,273132.5779,0.273132578,22,752739,669853.7562,0.669853756,99,8.05E-05,80.5469643,0.000147793,147.7934535,942986.3341,0.942986334,121,0.000128316,128.3157514,6.89E-05,1.64E-05,68.92466139,16.43641841,0.000158116,1.46E-05,158.1157711,14.59796143,0.000130343,2.87E-06,130.3425101,2.866269707
exp1,2016,run5,2016-168,L,329880,293556.4081,0.293556408,8,659650,587014.9285,0.587014929,17,2.73E-05,27.25200261,2.90E-05,28.96008121,880571.3367,0.880571337,25,2.84E-05,28.39065838,L,339127,301785.2068,0.301785207,3,646971,575732.0326,0.575732033,10,9.94E-06,9.940845119,1.74E-05,17.36919163,877517.2394,0.877517239,13,1.48E-05,14.81452377,1.86E-05,1.22E-05,18.59642386,12.24083685,2.32E-05,8.20E-06,23.16463642,8.195996623,2.16E-05,9.60E-06,21.60259107,10.47543014
exp1,2016,run5,2016-169,R,199239,177300.4887,0.177300489,5,659176,586593.1214,0.586593121,33,2.82E-05,28.2007119,5.63E-05,56.25705246,763893.61,0.76389361,38,4.97E-05,49.7451471,R,257253,228926.4783,0.228926478,36,653254,581323.2019,0.581323202,16,0.000157256,157.255728,2.75E-05,27.52341546,810249.6802,0.81024968,52,6.42E-05,64.17774826,9.27E-05,9.13E-05,92.72821994,91.25567702,4.19E-05,2.03E-05,41.89023396,20.31774957,5.70E-05,1.02E-05,56.96144768,10.20539015
exp1,2016,run5,2016-170,R,312561,278144.4297,0.27814443,13,621177,552778.2495,0.552778249,49,4.67E-05,46.73830791,8.86E-05,88.64314044,830922.6792,0.830922679,62,7.46E-05,74.6158476,R,338025,300804.5497,0.30080455,13,515015,458305.9098,0.45830591,37,4.32E-05,43.21743143,8.07E-05,80.73210318,759110.4595,0.75911046,50,6.59E-05,65.86656708,4.50E-05,2.49E-06,44.97786967,2.489635636,8.47E-05,5.59E-06,84.68762181,5.593948094,7.02E-05,6.19E-06,70.24120734,6.186675591
exp1,2016,run5,2016-171,R,367121,326696.7446,0.326696745,27,588912,524065.998,0.524065998,81,8.26E-05,82.64545162,0.000154561,154.5606857,850762.7426,0.850762743,108,0.000126945,126.9449102,R,239185,212847.9734,0.212847973,31,603435,536989.8482,0.536989848,95,0.000145644,145.6438579,0.000176912,176.9120968,749837.8217,0.749837822,126,0.000168036,168.0363358,0.000114145,4.45E-05,114.1446548,44.54660029,0.000165736,1.58E-05,165.7363912,15.80483435,0.000147491,2.91E-05,147.490623,29.05602566
exp1,2016,run5,2016-172,L,181867,161841.3462,0.161841346,20,754898,671775.0254,0.671775025,97,0.000123578,123.5778154,0.000144394,144.3935787,833616.3716,0.833616372,117,0.000140352,140.3523299,L,183313,163128.1249,0.163128125,29,712784,634298.2624,0.634298262,114,0.000177774,177.7743722,0.000179726,179.7261742,797426.3873,0.797426387,143,0.000179327,179.3268975,0.000150676,3.83E-05,150.6760938,38.32275287,0.00016206,2.50E-05,162.0598764,24.98391787,0.00015984,2.76E-05,159.8396137,27.55918102
exp1,2016,run5,2016-173,L,198732,176849.3152,0.176849315,2,743890,661979.1331,0.661979133,33,1.13E-05,11.30906273,4.99E-05,49.85051393,838828.4484,0.838828448,35,4.17E-05,41.72486051,L,230573,205184.2539,0.205184254,8,695811,619194.1854,0.619194185,39,3.90E-05,38.98934663,6.30E-05,62.98508758,824378.4394,0.824378439,47,5.70E-05,57.01265069,2.51E-05,1.96E-05,25.14920468,19.57291645,5.64E-05,9.29E-06,56.41780076,9.287546095,4.94E-05,1.08E-05,49.3687556,10.8101001
exp1,2016,run5,2016-175,L,324175,288479.5944,0.288479594,10,569214,506536.9749,0.506536975,74,3.47E-05,34.66449688,0.00014609,146.0900263,795016.5694,0.795016569,84,0.000105658,105.6581752,L,335478,298538.0038,0.298538004,17,568367,505783.2394,0.505783239,65,5.69E-05,56.94417389,0.000128514,128.5135507,804321.2432,0.804321243,82,0.000101949,101.9493153,4.58E-05,1.58E-05,45.80433538,15.7541107,0.000137302,1.24E-05,137.3017885,12.42844507,0.000103804,2.62E-06,103.8037453,2.622560032
exp1,2016,run5,2016-176,L,342599,304874.8996,0.3048749,18,492540,438305.6665,0.438305666,52,5.90E-05,59.04060986,0.000118639,118.638667,743180.566,0.743180566,70,9.42E-05,94.18976114,L,374181,332979.3572,0.332979357,21,458104,407661.4672,0.407661467,29,6.31E-05,63.06697261,7.11E-05,71.13745678,740640.8244,0.740640824,50,6.75E-05,67.50910611,6.11E-05,2.85E-06,61.05379123,2.847068408,9.49E-05,3.36E-05,94.88806188,33.58842785,8.08E-05,1.89E-05,80.84943362,18.8660721
exp1,2016,run5,2016-177,L,289862,257944.8514,0.257944851,4,514635,457967.7522,0.457967752,22,1.55E-05,15.5071907,4.80E-05,48.03831688,715912.6036,0.715912604,26,3.63E-05,36.31728212,L,343846,305984.5905,0.30598459,16,460972,410213.6673,0.410213667,9,5.23E-05,52.29021492,2.19E-05,21.93978582,716198.2578,0.716198258,25,3.49E-05,34.90653563,3.39E-05,2.60E-05,33.89870281,26.00952586,3.50E-05,1.85E-05,34.98905135,18.45444829,3.56E-05,9.98E-07,35.61190887,0.997548415
exp1,2016,run5,2016-179,R,354031,315048.1045,0.315048105,14,788177,701389.6238,0.701389624,107,4.44E-05,44.43765824,0.000152554,152.5542956,1016437.728,1.016437728,121,0.000119043,119.0432002,R,353071,314193.8116,0.314193812,27,759197,675600.6559,0.675600656,142,8.59E-05,85.93421959,0.000210183,210.1833365,989794.4675,0.989794468,169,0.000170743,170.7425183,6.52E-05,2.93E-05,65.18593892,29.34249992,0.000181369,4.07E-05,181.368816,40.7498856,0.000144893,3.66E-05,144.8928593,36.55693841
exp1,2016,run5,2016-180,L,537387,478214.4946,0.478214495,28,536765,477660.984,0.477660984,33,5.86E-05,58.551132,6.91E-05,69.08665582,955875.4787,0.955875479,61,6.38E-05,63.81584355,L,521772,464318.8862,0.464318886,15,515679,458896.7958,0.458896796,40,3.23E-05,32.30538418,8.72E-05,87.16556831,923215.682,0.923215682,55,5.96E-05,59.57437799,4.54E-05,1.86E-05,45.42825809,18.55854626,7.81E-05,1.28E-05,78.12611206,12.78372162,6.17E-05,3.00E-06,61.69511077,2.999169063
exp1,2016,run5,2016-181,L,328308,292157.5035,0.292157503,29,624285,555544.0228,0.555544023,79,9.93E-05,99.26152728,0.000142203,142.202952,847701.5263,0.847701526,108,0.000127403,127.4033332,L,307011,273205.5487,0.273205549,34,630086,560706.2658,0.560706266,80,0.000124448,124.4484241,0.000142677,142.6771999,833911.8146,0.833911815,114,0.000136705,136.7051024,0.000111855,1.78E-05,111.8549757,17.80982555,0.00014244,3.35E-07,142.440076,0.335343952,0.000132054,6.58E-06,132.0542178,6.577344082
exp1,2016,run5,2016-182,L,425649,378780.1369,0.378780137,14,545475,485411.9126,0.485411913,67,3.70E-05,36.96075542,0.000138027,138.0271029,864192.0495,0.864192049,81,9.37E-05,93.72916593,L,401003,356847.9457,0.356847946,12,579791,515949.3253,0.515949325,41,3.36E-05,33.6277682,7.95E-05,79.46516836,872797.271,0.872797271,53,6.07E-05,60.72429619,3.53E-05,2.36E-06,35.29426181,2.35677787,0.000108746,4.14E-05,108.7461356,41.40954102,7.72E-05,2.33E-05,77.22673106,23.3379672
exp1,2016,run5,2016-183,L,559443,497841.8747,0.497841875,6,393715,350362.4385,0.350362439,58,1.21E-05,12.05201954,0.000165543,165.5428597,848204.3133,0.848204313,64,7.55E-05,75.45351869,L,572852,509774.3892,0.509774389,12,402504,358183.6683,0.358183668,56,2.35E-05,23.53982517,0.000156344,156.3443701,867958.0575,0.867958057,68,7.83E-05,78.34479951,1.78E-05,8.12E-06,17.79592236,8.123105268,0.000160944,6.50E-06,160.9436149,6.504314357,7.69E-05,2.04E-06,76.8991591,2.044444279
exp1,2016,run5,2016-184,L,576439,512966.4191,0.512966419,18,393845,350478.124,0.350478124,13,3.51E-05,35.09001628,3.71E-05,37.09218667,863444.5432,0.863444543,31,3.59E-05,35.90271112,L,596071,530436.7096,0.53043671,21,376076,334665.6958,0.334665696,104,3.96E-05,39.59002011,0.000310758,310.7578736,865102.4054,0.865102405,125,0.000144492,144.4915645,3.73E-05,3.18E-06,37.3400182,3.181983224,0.000173925,0.000193511,173.9250301,193.510863,9.02E-05,7.68E-05,90.1971378,76.78391458
exp1,2016,run5,2016-185,R,456561,406288.3693,0.406288369,6,505561,449892.9042,0.449892904,77,1.48E-05,14.76783599,0.000171152,171.1518436,856181.2735,0.856181273,83,9.69E-05,96.94208758,R,482179,429085.5321,0.429085532,2,483500,430261.0747,0.430261075,68,4.66E-06,4.661075358,0.000158044,158.0435786,859346.6068,0.859346607,70,8.15E-05,81.45723675,9.71E-06,7.15E-06,9.714455672,7.146558975,0.000164598,9.27E-06,164.5977111,9.268943068,8.92E-05,1.09E-05,89.19966217,10.94944303
exp1,2016,run5,2016-187,R,342268,304580.3465,0.304580346,16,365228,325012.1857,0.325012186,54,5.25E-05,52.53129489,0.000166148,166.1476165,629592.5322,0.629592532,70,0.000111183,111.1830214,R,348773,310369.071,0.310369071,9,388205,345459.1531,0.345459153,50,2.90E-05,28.99773477,0.000144735,144.7349117,655828.224,0.655828224,59,9.00E-05,89.96258141,4.08E-05,1.66E-05,40.76451483,16.64073995,0.000155441,1.51E-05,155.4412641,15.14106882,0.000100573,1.50E-05,100.5728014,15.00511703
exp1,2016,run5,2016-188,L,370879,330040.9455,0.330040945,13,481239,428249.0369,0.428249037,27,3.94E-05,39.38905211,6.30E-05,63.04742725,758289.9824,0.758289982,40,5.28E-05,52.75026828,L,362002,322141.4055,0.322141406,22,445441,396392.8095,0.396392809,44,6.83E-05,68.29299066,0.000111001,111.0010044,718534.215,0.718534215,66,9.19E-05,91.8536635,5.38E-05,2.04E-05,53.84102139,20.43817095,8.70E-05,3.39E-05,87.02421584,33.9082996,7.23E-05,2.77E-05,72.30196589,27.65027593
exp1,2016,run5,2016-189,L,288784,256985.5516,0.256985552,43,624801,556003.2053,0.556003205,91,0.000167325,167.324582,0.000163668,163.6681212,812988.7569,0.812988757,134,0.000164824,164.8239276,L,281932,250888.0358,0.250888036,28,668195,594619.0255,0.594619025,83,0.000111604,111.6035681,0.000139585,139.5851738,845507.0613,0.845507061,111,0.000131282,131.2821679,0.000139464,3.94E-05,139.4640751,39.40070675,0.000151627,1.70E-05,151.6266475,17.02921545,0.000148053,2.37E-05,148.0530478,23.71760572
exp1,2016,run5,2016-190,L,425825,378936.7573,0.378936757,8,583501,519250.8115,0.519250812,63,2.11E-05,21.11170227,0.000121329,121.3286501,898187.5688,0.898187569,71,7.90E-05,79.04807689,L,432617,384980.8798,0.38498088,12,555459,494296.5591,0.494296559,43,3.12E-05,31.17037918,8.70E-05,86.99231102,879277.4388,0.879277439,55,6.26E-05,62.55136044,2.61E-05,7.11E-06,26.14104073,7.112558652,0.00010416,2.43E-05,104.1604805,24.27945818,7.08E-05,1.17E-05,70.79971866,11.66494007
exp1,2016,run5,2016-191,R,189614,168735.3121,0.168735312,54,750319,667700.2261,0.667700226,120,0.000320028,320.0278549,0.000179721,179.7213709,836435.5383,0.836435538,174,0.000208026,208.0255944,R,165489,147266.7528,0.147266753,99,712724,634244.8691,0.634244869,144,0.000672249,672.2494935,0.000227042,227.0416475,781511.622,0.781511622,243,0.000310936,310.935875,0.000496139,0.000249058,496.1386742,249.0583091,0.000203382,3.35E-05,203.3815092,33.46048845,0.000259481,7.28E-05,259.4807347,72.76855729
exp1,2016,run5,2016-193,L,223656,199028.8954,0.199028895,2,618596,550481.4473,0.550481447,14,1.00E-05,10.04879214,2.54E-05,25.43228308,749510.3427,0.749510343,16,2.13E-05,21.34727046,L,228754,203565.5468,0.203565547,0,641278,570665.8976,0.570665898,20,0,0,3.50E-05,35.0467762,774231.4444,0.774231444,20,2.58E-05,25.83206888,5.02E-06,7.11E-06,5.024396071,7.105569066,3.02E-05,6.80E-06,30.23952964,6.798473284,2.36E-05,3.17E-06,23.58966967,3.171231373
exp1,2016,run5,2016-194,R,319151,284008.7947,0.284008795,18,623408,554763.5906,0.554763591,13,6.34E-05,63.37831903,2.34E-05,23.43340518,838772.3854,0.838772385,31,3.70E-05,36.95877516,R,436718,388630.3124,0.388630312,58,490818,436773.2785,0.436773279,0,0.000149242,149.2420899,0,0,825403.5909,0.825403591,58,7.03E-05,70.2686548,0.00010631,6.07E-05,106.3102044,60.71485461,1.17E-05,1.66E-05,11.71670259,16.56991971,5.36E-05,2.36E-05,53.61371498,23.55364178
exp1,2016,run5,2016-195,L,292135,259967.5679,0.259967568,63,684058,608735.3263,0.608735326,103,0.000242338,242.3379213,0.000169203,169.2032572,868702.8941,0.868702894,166,0.000191089,191.0894981,L,291756,259630.3001,0.2596303,63,686635,611028.5689,0.611028569,96,0.000242653,242.6527257,0.000157112,157.1121301,870658.869,0.870658869,159,0.00018262,182.6203185,0.000242495,2.23E-07,242.4953235,0.222600325,0.000163158,8.55E-06,163.1576937,8.549717996,0.000186855,5.99E-06,186.8549083,5.988614262
exp1,2016,run5,2016-196,R,313585,279055.6755,0.279055676,24,785193,698734.1966,0.698734197,124,8.60E-05,86.00434288,0.000177464,177.4637632,977789.8721,0.977789872,148,0.000151362,151.3617641,R,364682,324526.3066,0.324526307,24,729254,648954.7255,0.648954726,98,7.40E-05,73.95394306,0.000151012,151.0120755,973481.0321,0.973481032,122,0.000125323,125.3234485,8.00E-05,8.52E-06,79.97914297,8.52091943,0.000164238,1.87E-05,164.2379193,18.70416775,0.000138343,1.84E-05,138.3426063,18.41186956
exp1,2016,run5,2016-197,L,372231,331244.0747,0.331244075,23,638051,567794.2275,0.567794227,118,6.94E-05,69.43520431,0.000207822,207.8217676,899038.3022,0.899038302,141,0.000156834,156.8342524,L,422941,376370.3189,0.376370319,36,575638,512253.6185,0.512253618,76,9.57E-05,95.65047558,0.000148364,148.3640081,888623.9374,0.888623937,112,0.000126038,126.0375681,8.25E-05,1.85E-05,82.54283994,18.53699609,0.000178093,4.20E-05,178.0928879,42.04298495,0.000141436,2.18E-05,141.4359102,21.77654433
exp1,2016,run5,2016-200,R,219703,195511.1663,0.195511166,24,814354,724684.2342,0.724684234,233,0.000122755,122.755137,0.000321519,321.5193446,920195.4005,0.920195401,257,0.000279289,279.2885075,L,330236,293873.2084,0.293873208,16,668678,595048.8416,0.595048842,32,5.44E-05,54.44524898,5.38E-05,53.77709822,888922.05,0.88892205,48,5.40E-05,53.99798553,8.86E-05,4.83E-05,88.60019298,48.30238503,0.000187648,0.000189322,187.6482214,189.322358,0.000166643,0.000159304,166.6432465,159.3044558
exp3,2016,run10,2016-346,R,445914,396813.7267,0.396813727,41,629847,560493.5825,0.560493582,263,0.000103323,103.3230386,0.000469229,469.2292797,957307.3092,0.957307309,304,0.000317557,317.557379,R,437484,389311.9669,0.389311967,29,625352,556493.5338,0.556493534,154,7.45E-05,74.49038936,0.000276733,276.7327752,945805.5008,0.945805501,183,0.000193486,193.4858698,8.89E-05,2.04E-05,88.90671398,20.38776179,0.000372981,0.000136116,372.9810275,136.1155837,0.000255522,8.77E-05,255.5216244,87.73180548
exp3,2016,run10,2016-347,L,439119,390766.9346,0.390766935,56,601111,534921.7474,0.534921747,72,0.000143308,143.3079287,0.000134599,134.5991266,925688.682,0.925688682,128,0.000138275,138.2754294,L,415117,369407.8316,0.369407832,44,689282,613384.1036,0.613384104,59,0.00011911,119.1095484,9.62E-05,96.18768998,982791.9352,0.982791935,103,0.000104803,104.8034648,0.000131209,1.71E-05,131.2087386,17.11083879,0.000115393,2.72E-05,115.3934083,27.1609873,0.000121539,2.37E-05,121.5394471,23.66825314
exp3,2016,run10,2016-348,L,471980,420009.5596,0.42000956,53,752065,669253.9714,0.669253971,129,0.000126188,126.1876041,0.000192752,192.751938,1089263.531,1.089263531,182,0.000167085,167.0853699,L,582087,517992.5092,0.517992509,52,675424,601052.0292,0.601052029,96,0.000100388,100.3875521,0.00015972,159.7199499,1119044.538,1.119044538,148,0.000132256,132.2556832,0.000113288,1.82E-05,113.2875781,18.2433917,0.000176236,2.34E-05,176.235944,23.35714278,0.000149671,2.46E-05,149.6705266,24.62830764
exp3,2016,run10,2016-349,R,497265,442510.3895,0.442510389,37,662060,589159.5597,0.58915956,47,8.36E-05,83.61385603,7.98E-05,79.77465395,1031669.949,1.031669949,84,8.14E-05,81.42138875,R,482259,429156.7231,0.429156723,34,671130,597230.8481,0.597230848,61,7.92E-05,79.22513657,0.000102138,102.1380597,1026387.571,1.026387571,95,9.26E-05,92.55762897,8.14E-05,3.10E-06,81.4194963,3.103293292,9.10E-05,1.58E-05,90.95635681,15.81331583,8.70E-05,7.87E-06,86.98950886,7.874510974
exp3,2016,run10,2016-350b,L,180830,160918.5318,0.160918532,42,821994,731482.9821,0.731482982,332,0.000261002,261.0016356,0.000453872,453.8724866,892401.514,0.892401514,374,0.000419094,419.0938654,L,447670,398376.3709,0.398376371,24,506851,451040.8604,0.45104086,96,6.02E-05,60.24453696,0.000212841,212.8410271,849417.2312,0.849417231,120,0.000141273,141.273329,0.000160623,0.000141957,160.6230863,141.9567058,0.000333357,0.000170435,333.3567569,170.4349795,0.000280184,0.000196449,280.1835972,196.4487852
exp3,2016,run10,2016-350b,R,346819,308630.2289,0.308630229,35,505157,449533.3893,0.449533389,92,0.000113404,113.404316,0.000204657,204.6566555,758163.6182,0.758163618,127,0.00016751,167.5100162,R,351000,312350.8526,0.312350853,40,517455,460477.2377,0.460477238,55,0.000128061,128.0611199,0.000119441,119.4413002,772828.0903,0.77282809,95,0.000122925,122.9251385,0.000120733,1.04E-05,120.732718,10.36392548,0.000162049,6.03E-05,162.0489779,60.25635558,0.000145218,3.15E-05,145.2175774,31.52626942
exp3,2016,run10,2016-351,L,440393,391900.6525,0.391900652,13,593791,528407.7638,0.528407764,145,3.32E-05,33.17167225,0.000274409,274.4092913,920308.4163,0.920308416,158,0.000171682,171.6815767,L,430513,383108.5544,0.383108554,29,599207,533227.3998,0.5332274,87,7.57E-05,75.69656085,0.000163157,163.1574072,916335.9542,0.916335954,116,0.000126591,126.5911257,5.44E-05,3.01E-05,54.43411655,30.06963709,0.000218783,7.87E-05,218.7833493,78.66696167,0.000149136,3.19E-05,149.1363512,31.88376367
exp3,2016,run10,2016-352,R,434107,386306.8136,0.386306814,40,597169,531413.8071,0.531413807,143,0.000103545,103.5446402,0.000269093,269.0934976,917720.6207,0.917720621,183,0.000199407,199.4070917,R,345909,307820.4304,0.30782043,23,708847,630794.7715,0.630794772,124,7.47E-05,74.71888715,0.000196577,196.5774061,938615.2019,0.938615202,147,0.000156614,156.6137004,8.91E-05,2.04E-05,89.13176365,20.38288542,0.000232835,5.13E-05,232.8354519,51.27661998,0.00017801,3.03E-05,178.0103961,30.25949723
exp3,2016,run10,2016-353,R,353001,314131.5194,0.314131519,35,709241,631145.3876,0.631145388,192,0.000111418,111.4183004,0.000304209,304.2088301,945276.907,0.945276907,227,0.000240141,240.1412732,R,370878,330040.0556,0.330040056,47,685493,610012.3162,0.610012316,126,0.000142407,142.406957,0.000206553,206.5532066,940052.3718,0.940052372,173,0.000184032,184.0322999,0.000126913,2.19E-05,126.9126287,21.91228921,0.000255381,6.91E-05,255.3810184,69.0529536,0.000212087,3.97E-05,212.0867866,39.67503553
exp3,2016,run10,2016-354,R,376745,335261.0312,0.335261031,40,605739,539040.1513,0.539040151,116,0.00011931,119.310019,0.000215197,215.1973276,874301.1825,0.874301182,156,0.000178428,178.4282157,R,342820,305071.5649,0.305071565,27,647238,575969.6328,0.575969633,82,8.85E-05,88.50382371,0.000142369,142.3686169,881041.1978,0.881041198,109,0.000123717,123.7172567,0.000103907,2.18E-05,103.9069213,21.78326958,0.000178783,5.15E-05,178.7829722,51.49767518,0.000151073,3.87E-05,151.0727362,38.68649015
exp3,2016,run10,2016-355,R,378456,336783.6304,0.33678363,19,592160,526956.3558,0.526956356,73,5.64E-05,56.41604367,0.000138531,138.5313968,863739.9862,0.863739986,92,0.000106514,106.5135359,R,374114,332919.7347,0.332919735,7,601448,535221.6399,0.53522164,60,2.10E-05,21.02608909,0.000112103,112.1030906,868141.3745,0.868141375,67,7.72E-05,77.17637008,3.87E-05,2.50E-05,38.72106638,25.02447687,0.000125317,1.87E-05,125.3172437,18.68763449,9.18E-05,2.07E-05,91.84495298,20.74450887
exp3,2016,run10,2016-356,R,263390,234387.7238,0.234387724,3,714048,635423.0815,0.635423081,15,1.28E-05,12.79930515,2.36E-05,23.60631906,869810.8053,0.869810805,18,2.07E-05,20.69415543,R,324369,288652.2328,0.288652233,6,618676,550552.6384,0.550552638,7,2.08E-05,20.78625875,1.27E-05,12.71449724,839204.8712,0.839204871,13,1.55E-05,15.49085384,1.68E-05,5.65E-06,16.79278195,5.647629056,1.82E-05,7.70E-06,18.16040815,7.701681071,1.81E-05,3.68E-06,18.09250463,3.67928984
exp3,2016,run10,2016-358,L,414032,368442.3026,0.368442303,35,556978,495648.2996,0.4956483,200,9.50E-05,94.99452087,0.000403512,403.511926,864090.6022,0.864090602,235,0.000271962,271.9622218,L,398022,354195.1882,0.354195188,20,569898,507145.6587,0.507145659,181,5.65E-05,56.46604095,0.000356899,356.8994369,861340.8468,0.861340847,201,0.000233357,233.3570975,7.57E-05,2.72E-05,75.73028091,27.24374942,0.000380206,3.30E-05,380.2056814,32.96000712,0.00025266,2.73E-05,252.6596597,27.29794515
exp3,2016,run10,2016-359,L,247368,220129.9308,0.220129931,100,816536,726625.9709,0.726625971,163,0.000454277,454.277161,0.000224324,224.3244895,946755.9016,0.946755902,263,0.000277791,277.7907162,L,388209,345462.7126,0.345462713,23,630701,561253.5472,0.561253547,41,6.66E-05,66.57737336,7.31E-05,73.05076325,906716.2599,0.90671626,64,7.06E-05,70.58437444,0.000260427,0.000274145,260.4272672,274.1451489,0.000148688,0.000106967,148.6876264,106.9666777,0.000174188,0.000146517,174.1875453,146.5170094
exp3,2016,run10,2016-360,L,249383,221923.056,0.221923056,32,613840,546249.1378,0.546249138,111,0.000144194,144.194121,0.000203204,203.2039821,768172.1938,0.768172194,143,0.000186156,186.1561785,L,247674,220402.2367,0.220402237,19,623427,554780.4985,0.554780499,87,8.62E-05,86.20602172,0.000156819,156.8187783,775182.7352,0.775182735,106,0.000136742,136.7419515,0.0001152,4.10E-05,115.2000714,41.00377824,0.000180011,3.28E-05,180.0113802,32.79929214,0.000161449,3.49E-05,161.449065,34.94113495
exp3,2016,run10,2016-361,R,384613,342262.6737,0.342262674,48,602647,536288.6161,0.536288616,257,0.000140243,140.2431632,0.00047922,479.21957,878551.2898,0.87855129,305,0.000347162,347.1624293,R,370068,329319.2459,0.329319246,39,596280,530622.6962,0.530622696,160,0.000118426,118.4261184,0.000301533,301.5325223,859941.9422,0.859941942,199,0.000231411,231.4109712,0.000129335,1.54E-05,129.3346408,15.42698033,0.000390376,0.000125644,390.3760461,125.6437163,0.000289287,8.18E-05,289.2867002,81.84864093
exp3,2016,run10,2016-362,R,303423,270012.6289,0.270012629,123,826282,735298.8239,0.735298824,341,0.000455534,455.5342485,0.000463757,463.7570317,1005311.453,1.005311453,464,0.000461549,461.5485069,R,268572,238999.1259,0.238999126,135,772657,687578.5547,0.687578555,343,0.000564856,564.8556224,0.000498852,498.8520914,926577.6806,0.926577681,478,0.000515877,515.8768768,0.000510195,7.73E-05,510.1949355,77.3018848,0.000481305,2.48E-05,481.3045615,24.81595464,0.000488713,3.84E-05,488.7126919,38.41595878
exp3,2016,run10,2016-363,L,456140,405913.7262,0.405913726,9,548221,487855.5463,0.487855546,103,2.22E-05,22.17219921,0.000211128,211.1280701,893769.2725,0.893769273,112,0.000125312,125.3119831,L,441150,392574.2981,0.392574298,5,559663,498037.6502,0.49803765,70,1.27E-05,12.73644257,0.000140552,140.5516229,890611.9482,0.890611948,75,8.42E-05,84.21176041,1.75E-05,6.67E-06,17.45432089,6.672087509,0.00017584,4.99E-05,175.8398465,49.90508443,0.000104762,2.91E-05,104.7618718,29.0622462
exp3,2016,run10,2016-364,L,398605,354713.9932,0.354713993,25,612751,545280.0492,0.545280049,82,7.05E-05,70.47931709,0.000150381,150.3814418,899994.0424,0.899994042,107,0.00011889,118.8896759,L,363837,323774.3509,0.323774351,12,640813,570252.0994,0.570252099,79,3.71E-05,37.06284938,0.000138535,138.5352199,894026.4503,0.89402645,91,0.000101787,101.7866977,5.38E-05,2.36E-05,53.77108324,23.62901092,0.000144458,8.38E-06,144.4583309,8.376543847,0.000110338,1.21E-05,110.3381868,12.09363188
exp3,2016,run10,2016-365,L,388685,345886.2995,0.3458863,16,530675,472241.5632,0.472241563,43,4.63E-05,46.25797559,9.11E-05,91.05509414,818127.8628,0.818127863,59,7.21E-05,72.11586683,L,403154,358762.0958,0.358762096,17,517357,460390.0286,0.460390029,35,4.74E-05,47.38516192,7.60E-05,76.02249794,819152.1244,0.819152124,52,6.35E-05,63.48027241,4.68E-05,7.97E-07,46.82156875,0.7970411,8.35E-05,1.06E-05,83.53879604,10.62965072,6.78E-05,6.11E-06,67.79806962,6.106287374
exp3,2016,run10,2016-366,R,469710,417989.5127,0.417989513,19,494802,440318.5942,0.440318594,48,4.55E-05,45.4556859,0.000109012,109.0119759,858308.1069,0.858308107,67,7.81E-05,78.06054662,R,502152,446859.2744,0.446859274,11,463162,412162.523,0.412162523,33,2.46E-05,24.61625086,8.01E-05,80.06550367,859021.7975,0.859021797,44,5.12E-05,51.22105182,3.50E-05,1.47E-05,35.03596838,14.73570583,9.45E-05,2.05E-05,94.53873981,20.46824684,6.46E-05,1.90E-05,64.64079922,18.97838878
exp3,2016,run10,2016-367,L,357195,317863.7117,0.317863712,38,627888,558750.291,0.558750291,119,0.000119548,119.5480912,0.000212975,212.9752806,876614.0026,0.876614003,157,0.000179098,179.0982114,L,406042,361332.0937,0.361332094,65,505226,449594.7916,0.449594792,72,0.00017989,179.889916,0.000160144,160.1442039,810926.8853,0.810926885,137,0.000168942,168.9424811,0.000149719,4.27E-05,149.7190036,42.66811352,0.00018656,3.74E-05,186.5597423,37.35721255,0.00017402,7.18E-06,174.0203463,7.18118579
exp3,2016,run10,2016-368,R,326842,290852.927,0.290852927,72,1010451,899188.6933,0.899188693,242,0.000247548,247.5477925,0.000269131,269.131498,1190041.62,1.19004162,314,0.000263856,263.8563178,R,396661,352984.05,0.35298405,61,623519,554862.3683,0.554862368,177,0.000172812,172.812341,0.000318998,318.9980257,907846.4182,0.907846418,238,0.000262159,262.1588798,0.00021018,5.28E-05,210.1800667,52.84594455,0.000294065,3.53E-05,294.0647618,35.26095989,0.000263008,1.20E-06,263.0075988,1.200269973
exp3,2016,run10,2016-369,R,410124,364964.6184,0.364964618,30,640876,570308.1624,0.570308162,101,8.22E-05,82.19974892,0.000177097,177.0972373,935272.7808,0.935272781,131,0.000140066,140.0660884,R,407983,363059.3672,0.363059367,25,635056,565129.0115,0.565129012,104,6.89E-05,68.85926176,0.000184029,184.0287755,928188.3787,0.928188379,129,0.00013898,138.9804085,7.55E-05,9.43E-06,75.52950534,9.433148939,0.000180563,4.90E-06,180.5630064,4.901337644,0.000139523,7.68E-07,139.5232484,0.767691652
exp3,2016,run10,2016-370,R,265711,236453.155,0.236453155,33,714559,635877.8145,0.635877814,145,0.000139563,139.5625277,0.000228031,228.0312297,872330.9694,0.872330969,178,0.000204051,204.0509924,R,265899,236620.454,0.236620454,25,446936,397723.1927,0.397723193,115,0.000105654,105.6544334,0.000289146,289.1458233,634343.6467,0.634343647,140,0.000220701,220.700563,0.000122608,2.40E-05,122.6084806,23.97664344,0.000258589,4.32E-05,258.5885265,43.21454351,0.000212376,1.18E-05,212.3757777,11.77302432
exp3,2016,run10,2016-371,L,347908,309599.3174,0.309599317,24,544126,484211.453,0.484211453,73,7.75E-05,77.51955075,0.000150761,150.760581,793810.7705,0.79381077,97,0.000122195,122.195369,L,329765,293454.071,0.293454071,23,565934,503618.1408,0.503618141,72,7.84E-05,78.37683057,0.000142965,142.9654617,797072.2117,0.797072212,95,0.000119186,119.1861899,7.79E-05,6.06E-07,77.94819066,0.606188378,0.000146863,5.51E-06,146.8630213,5.511981758,0.000120691,2.13E-06,120.6907794,2.127810925
exp3,2016,run10,2016-372,R,377552,335979.1712,0.335979171,88,616446,548568.1871,0.548568187,92,0.000261921,261.9209985,0.000167709,167.7093243,884547.3583,0.884547358,180,0.000203494,203.4939094,R,380134,338276.8632,0.338276863,64,611068,543782.3669,0.543782367,72,0.000189194,189.1941393,0.000132406,132.4059116,882059.2302,0.88205923,136,0.000154185,154.1846572,0.000225558,5.14E-05,225.5575689,51.42565529,0.000150058,2.50E-05,150.057618,24.96328253,0.000178839,3.49E-05,178.8392833,34.86690664
exp3,2016,run10,2016-373,L,411792,462745.6298,0.46274563,42,557040,625966.0839,0.625966084,93,9.07626E-05,90.76260757,0.00014857,148.5703497,1088711.714,1.088711714,135,0.000124,123.9997681,L,411130,365859.8462,0.365859846,28,557750,496335.2935,0.496335294,72,7.65E-05,76.53203895,0.000145063,145.0632283,862195.1398,0.86219514,100,0.000115983,115.9830245,8.36E-05,1.00626E-05,83.64732326,10.06253157,0.000146817,2.48E-06,146.816789,102.5750874,0.000119991,5.66871E-06,119.9913963,5.668693745
exp3,2016,run10,2016-374,R,341633,304015.2673,0.304015267,46,669826,596070.4336,0.596070434,181,0.000151308,151.3081906,0.000303655,303.65539,900085.7009,0.900085701,227,0.000252198,252.1982071,R,330053,293710.3588,0.293710359,40,684589,609207.8571,0.609207857,153,0.000136189,136.1885912,0.000251146,251.1458088,902918.2159,0.902918216,193,0.000213751,213.7513638,0.000143748,1.07E-05,143.7483909,10.69117122,0.000277401,3.71E-05,277.4005994,37.12988095,0.000232975,2.72E-05,232.9747854,27.18602365
exp3,2016,run10,2016-375,L,400939,356790.9928,0.356790993,82,592315,527094.2885,0.527094288,224,0.000229826,229.8264296,0.000424971,424.9714044,883885.2813,0.883885281,306,0.000346199,346.1987732,L,398230,354380.285,0.354380285,65,591949,526768.5893,0.526768589,191,0.000183419,183.4187813,0.000362588,362.5880584,881148.8743,0.881148874,256,0.00029053,290.529793,0.000206623,3.28E-05,206.6226055,32.81516279,0.00039378,4.41E-05,393.7797314,44.11168698,0.000318364,3.94E-05,318.3642831,39.3639134
exp3,2016,run10,2016-376,R,269327,239670.9917,0.239670992,26,448409,399033.9985,0.399033998,140,0.000108482,108.4820479,0.000350847,350.8472976,638704.9901,0.63870499,166,0.000259901,259.9008972,R,323362,287756.1151,0.287756115,16,537303,478139.744,0.478139744,105,5.56E-05,55.60264113,0.000219601,219.6010713,765895.8591,0.765895859,121,0.000157985,157.9849252,8.20E-05,3.74E-05,82.04234452,37.39138712,0.000285224,9.28E-05,285.2241844,92.80509663,0.000208943,7.21E-05,208.9429112,72.06547494
exp3,2016,run10,2016-377,R,284360,253048.685,0.253048685,44,458012,407579.5974,0.407579597,167,0.00017388,173.8795837,0.000409736,409.7359167,660628.2824,0.660628282,211,0.000319393,319.3929258,R,322120,286650.8736,0.286650874,15,562980,500989.4102,0.50098941,112,5.23E-05,52.32846428,0.000223558,223.5576196,787640.2838,0.787640284,127,0.000161241,161.2411181,0.000113104,8.59E-05,113.104024,85.94962078,0.000316647,0.000131648,316.6467682,131.6479364,0.000240317,0.00011183,240.3170219,111.8302157
exp3,2016,run10,2016-378,L,278404,247748.5093,0.247748509,65,604847,538246.3708,0.538246371,188,0.000262363,262.3628299,0.000349282,349.2824294,785994.8801,0.78599488,253,0.000321885,321.8850484,R,437086,388957.7913,0.388957791,17,509499,453397.285,0.453397285,50,4.37E-05,43.70654189,0.000110279,110.2785607,842355.0764,0.842355076,67,7.95E-05,79.53890453,0.000153035,0.000154613,153.0346859,154.613344,0.00022978,0.000169001,229.780495,169.0012563,0.000200712,0.000171365,200.7119765,171.3646017
exp3,2016,run10,2016-379,L,327605,291531.9119,0.291531912,51,436479,388417.629,0.388417629,87,0.000174938,174.9379671,0.000223986,223.9857141,679949.5409,0.679949541,138,0.000202956,202.9562368,L,418853,372732.4549,0.372732455,26,584861,520461.0598,0.52046106,75,6.98E-05,69.75512773,0.000144103,144.1029998,893193.5147,0.893193515,101,0.000113077,113.0773996,0.000122347,7.44E-05,122.3465474,74.37549897,0.000184044,5.65E-05,184.0443569,56.48560897,0.000158017,6.36E-05,158.0168182,63.55393522
exp3,2016,run10,2016-380,R,300451,267367.8804,0.26736788,56,75885,67529.18646,0.067529186,93,0.000209449,209.4492424,0.001377182,1377.182295,334897.0668,0.334897067,149,0.000444913,444.9128247,R,333377,296668.3481,0.296668348,32,591410,526288.9394,0.526288939,66,0.000107865,107.8645572,0.000125406,125.4063976,822957.2875,0.822957288,98,0.000119083,119.0827294,0.000158657,7.18E-05,158.6568998,71.83121981,0.000751294,0.000885139,751.2943464,885.1392256,0.000281998,0.000230397,281.9977771,230.3966699
exp3,2016,run10,2016-381,L,379743,337928.9169,0.337928917,59,595622,530037.1496,0.53003715,157,0.000174593,174.5929308,0.000296206,296.205653,867966.0665,0.867966066,216,0.000248858,248.8576551,L,429754,382433.1291,0.382433129,45,697052,620298.537,0.620298537,119,0.000117668,117.6676302,0.000191843,191.8431092,1002731.666,1.002731666,164,0.000163553,163.5532272,0.00014613,4.03E-05,146.1302805,40.2522661,0.000244024,7.38E-05,244.0243811,73.79546237,0.000206205,6.03E-05,206.2054411,60.31933943
exp3,2016,run10,2016-382,R,265874,236598.2068,0.236598207,41,494014,439617.3621,0.439617362,112,0.00017329,173.2895636,0.000254767,254.767008,676215.5689,0.676215569,153,0.000226259,226.2592094,R,294833,262368.487,0.262368487,29,574812,511518.5706,0.511518571,70,0.000110532,110.531567,0.000136847,136.8474265,773887.0576,0.773887058,99,0.000127926,127.9256437,0.000141911,4.44E-05,141.9105653,44.37660495,0.000195807,8.34E-05,195.8072173,83.3817357,0.000177092,6.95E-05,177.0924266,69.53233112
exp3,2016,run10,2016-383,R,384285,341970.7903,0.34197079,115,477438,424866.5708,0.424866571,111,0.000336286,336.2860316,0.000261258,261.258493,766837.3611,0.766837361,226,0.000294717,294.7169915,R,404663,360104.9375,0.360104937,103,475347,423005.814,0.423005814,129,0.000286028,286.027736,0.00030496,304.9603474,783110.7515,0.783110752,232,0.000296254,296.2543926,0.000311157,3.55E-05,311.1568838,35.53798165,0.000283109,3.09E-05,283.1094202,30.90187763,0.000295486,1.09E-06,295.485692,1.087106744
exp3,2016,run10,2016-384,R,378654,336959.8283,0.336959828,53,491376,437269.8363,0.437269836,118,0.000157289,157.2887791,0.000269856,269.856254,774229.6646,0.774229665,171,0.000220865,220.8646966,R,378677,336980.2957,0.336980296,21,498724,443808.7368,0.443808737,78,6.23E-05,62.31818378,0.000175751,175.7513846,780789.0325,0.780789033,99,0.000126795,126.7948138,0.000109803,6.72E-05,109.8034814,67.15435196,0.000222804,6.65E-05,222.8038193,66.54219125,0.00017383,6.65E-05,173.8297552,66.51745205
exp3,2016,run10,2016-385,L,275287,244974.7269,0.244974727,35,622852,554268.8126,0.554268813,111,0.000142872,142.8718809,0.000200264,200.2638385,799243.5396,0.79924354,146,0.000182673,182.6727309,L,281322,250345.2039,0.250345204,38,617180,549221.3652,0.549221365,90,0.00015179,151.7904055,0.000163868,163.868352,799566.5691,0.799566569,128,0.000160087,160.0867332,0.000147331,6.31E-06,147.3311432,6.306349233,0.000182066,2.57E-05,182.0660953,25.73549534,0.00017138,1.60E-05,171.379732,15.97071213
exp3,2016,run12,2016-426,R,264524,235396.8574,0.235396857,52,585854,521344.7191,0.521344719,233,0.000220904,220.9035438,0.000446921,446.9211857,756741.5764,0.756741576,285,0.000376615,376.6146976,R,315654,280896.8548,0.280896855,49,569748,507012.1754,0.507012175,156,0.000174441,174.4412555,0.000307685,307.6849188,787909.0302,0.78790903,205,0.000260182,260.1823207,0.000197672,3.29E-05,197.6723997,32.85379919,0.000377303,9.85E-05,377.3030522,98.45490853,0.000318399,8.23E-05,318.3985092,82.33012326
exp3,2016,run12,2016-427,R,261511,232715.6234,0.232715623,88,669441,595727.8265,0.595727827,303,0.000378144,378.1439283,0.000508622,508.6215324,828443.4499,0.82844345,391,0.000471969,471.9694507,R,268050,238534.6041,0.238534604,32,672110,598102.9388,0.598102939,207,0.000134152,134.1524435,0.000346094,346.09427,836637.5429,0.836637543,239,0.000285667,285.6673144,0.000256148,0.000172528,256.1481859,172.5280334,0.000427358,0.000114924,427.3579012,114.9241294,0.000378818,0.000131736,378.8183825,131.7355039
exp3,2016,run12,2016-428,R,496598,441916.8339,0.441916834,87,524587,466823.9222,0.466823922,210,0.00019687,196.8696219,0.000449848,449.8484118,908740.7561,0.908740756,297,0.000326826,326.825883,R,471043,419175.7341,0.419175734,55,567169,504717.153,0.504717153,172,0.00013121,131.2098853,0.000340785,340.7849307,923892.8871,0.923892887,227,0.000245699,245.6994779,0.00016404,4.64E-05,164.0397536,46.42844498,0.000395317,7.71E-05,395.3166712,77.11952707,0.000286263,5.74E-05,286.2626804,57.36503114
exp3,2016,run12,2016-429,R,52473,46695.11763,0.046695118,25,863380,768311.9063,0.768311906,257,0.000535388,535.3878793,0.0003345,334.499567,815007.0239,0.815007024,282,0.000346009,346.0092879,R,50892,45288.20396,0.045288204,20,868618,772973.1421,0.772973142,261,0.000441616,441.6160998,0.000337657,337.6572688,818261.3461,0.818261346,281,0.000343411,343.4110646,0.000488502,6.63E-05,488.5019895,66.30666115,0.000336078,2.23E-06,336.0784179,2.23283232,0.00034471,1.84E-06,344.7101763,1.837221304
exp3,2016,run12,2016-430,R,279780,248972.9958,0.248972996,65,689215,613324.4811,0.613324481,266,0.000261072,261.0724901,0.000433702,433.7019118,862297.4769,0.862297477,331,0.000383858,383.8582494,R,288027,256311.906,0.256311906,37,686867,611235.023,0.611235023,155,0.000144355,144.3553699,0.000253585,253.5849455,867546.929,0.867546929,192,0.000221314,221.313676,0.000202714,8.25E-05,202.71393,82.53146722,0.000343643,0.000127362,343.6434286,127.3619283,0.000302586,0.000114936,302.5859627,114.9363701
exp3,2016,run12,2016-431,L,294780,262321.3229,0.262321323,152,619815,551566.2214,0.551566221,305,0.000579442,579.4420306,0.000552971,552.9707734,813887.5442,0.813887544,457,0.000561503,561.5026342,L,253074,225207.6344,0.225207634,51,688324,612531.5905,0.61253159,182,0.000226458,226.4576871,0.000297128,297.1275324,837739.2249,0.837739225,233,0.00027813,278.1295099,0.00040295,0.000249598,402.9498589,249.597623,0.000425049,0.000180908,425.0491529,180.9084906,0.000419816,0.000200375,419.816072,200.3750578
exp3,2016,run12,2016-432,R,279744,248940.9598,0.24894096,70,565562,503287.1023,0.503287102,130,0.000281191,281.191171,0.000258302,258.3018707,752228.0621,0.752228062,200,0.000265877,265.8768133,R,271644,241732.8633,0.241732863,32,690227,614225.0482,0.614225048,107,0.000132378,132.3775327,0.000174203,174.2032506,855957.9115,0.855957911,139,0.000162391,162.3911622,0.000206784,0.000105227,206.7843518,105.2271328,0.000216253,5.95E-05,216.2525606,59.46670455,0.000214134,7.32E-05,214.1339877,73.17540566
exp3,2016,run12,2016-433,L,288907,257095.0079,0.257095008,128,498664,443755.3435,0.443755343,229,0.00049787,497.8704217,0.00051605,516.050124,700850.3514,0.700850351,357,0.000509381,509.38121,L,352816,313966.8901,0.31396689,94,543129,483324.2342,0.483324234,201,0.000299395,299.3946272,0.00041587,415.869898,797291.1243,0.797291124,295,0.000370003,370.0028647,0.000398633,0.000140344,398.6325245,140.3435802,0.00046596,7.08E-05,465.960011,70.8381171,0.000439692,9.86E-05,439.6920374,98.5553731
exp3,2016,run12,2016-434,L,278714,248024.3747,0.248024375,11,511467,455148.5855,0.455148586,63,4.44E-05,44.35047971,0.000138416,138.416337,703172.9603,0.70317296,74,0.000105237,105.2372662,L,317669,282689.98,0.28268998,14,531331,472825.3301,0.47282533,78,4.95E-05,49.5242173,0.000164966,164.9657813,755515.3101,0.75551531,92,0.000121771,121.7711921,4.69E-05,3.66E-06,46.93734851,3.658384932,0.000151691,1.88E-05,151.6910592,18.77329211,0.000113504,1.17E-05,113.5042292,11.69125116
exp3,2016,run12,2016-435,L,221210,196852.2282,0.196852228,118,678763,604023.3668,0.604023367,133,0.000599434,599.4344137,0.00022019,220.190157,800875.595,0.800875595,251,0.000313407,313.406978,L,247318,220085.4364,0.220085436,129,742142,660423.6081,0.660423608,148,0.000586136,586.1360122,0.000224099,224.0985909,880509.0445,0.880509044,277,0.000314591,314.5907492,0.000592785,9.40E-06,592.7852129,9.4033899,0.000222144,2.76E-06,222.144374,2.763680113,0.000313999,8.37E-07,313.9988636,0.83705266
exp3,2016,run12,2016-436,R,179604,159827.5286,0.159827529,98,913108,812564.2801,0.81256428,275,0.000613161,613.1609547,0.000338435,338.4347636,972391.8087,0.972391809,373,0.00038359,383.5902325,R,212438,189046.1266,0.189046127,99,817217,727231.9849,0.727231985,197,0.000523682,523.6817162,0.00027089,270.8901755,916278.1115,0.916278111,296,0.000323046,323.0460231,0.000568421,6.33E-05,568.4213354,63.27137628,0.000304662,4.78E-05,304.6624695,47.76123626,0.000353318,4.28E-05,353.3181278,42.81122103
exp3,2016,run12,2016-437,L,195026,173551.3885,0.173551389,52,492503,438272.7406,0.438272741,100,0.000299623,299.6230709,0.000228168,228.1684228,611824.1291,0.611824129,152,0.000248437,248.4374067,L,248058,220743.9538,0.220743954,46,664374,591218.7617,0.591218762,50,0.000208386,208.3862285,8.46E-05,84.57106446,811962.7155,0.811962715,96,0.000118232,118.2320298,0.000254005,6.45E-05,254.0046497,64.51418999,0.00015637,0.000101539,156.3697437,101.5386659,0.000183335,9.21E-05,183.3347183,92.06910493
exp3,2016,run12,2016-438,L,240824,214306.5006,0.214306501,117,429154,381899.196,0.381899196,134,0.000545947,545.9470415,0.000350878,350.8779317,596205.6966,0.596205697,251,0.000420996,420.995642,L,213796,190254.5951,0.190254595,115,620071,551794.0328,0.551794033,158,0.000604453,604.4532062,0.000286339,286.3387253,742048.6279,0.742048628,273,0.0003679,367.9004175,0.0005752,4.14E-05,575.2001238,41.37010578,0.000318608,4.56E-05,318.6083285,45.63611046,0.000394448,3.75E-05,394.4480297,37.54399329
exp3,2016,run12,2016-439,L,317437,282483.5259,0.282483526,40,512618,456172.8472,0.456172847,116,0.000141601,141.6011779,0.00025429,254.2895762,738656.3731,0.738656373,156,0.000211194,211.1942788,L,362810,322860.4354,0.322860435,39,596906,531179.7664,0.531179766,88,0.000120795,120.7952283,0.000165669,165.668961,854040.2018,0.854040202,127,0.000148705,148.7049435,0.000131198,1.47E-05,131.1982031,14.71202805,0.000209979,6.27E-05,209.9792686,62.66423801,0.00017995,4.42E-05,179.9496112,44.18663272
exp3,2016,run12,2016-440,R,234164,208379.8434,0.208379843,74,639247,568858.5341,0.568858534,60,0.000355121,355.1207198,0.000105474,105.4743779,777238.3775,0.777238378,134,0.000172405,172.4052799,R,258946,230433.0595,0.230433059,49,976477,868955.6225,0.868955622,67,0.000212643,212.6430995,7.71E-05,77.10405257,1099388.682,1.099388682,116,0.000105513,105.5131837,0.000283882,0.000100747,283.8819097,100.7468915,9.13E-05,2.01E-05,91.28921524,20.06084943,0.000138959,4.73E-05,138.9592318,47.29985478
exp3,2016,run12,2016-441,L,240982,214447.103,0.214447103,88,462149,411261.066,0.411261066,137,0.000410358,410.3576069,0.000333122,333.1217354,625708.169,0.625708169,225,0.000359593,359.5925563,L,267589,238124.3655,0.238124366,92,588980,524126.5104,0.52412651,143,0.000386353,386.3527355,0.000272835,272.8348923,762250.8759,0.762250876,235,0.000308297,308.2974483,0.000398355,1.70E-05,398.3551712,16.97400736,0.000302978,4.26E-05,302.9783138,42.62923558,0.000333945,3.63E-05,333.9450023,36.27111872
exp3,2016,run12,2016-442,R,253482,225570.7089,0.225570709,40,528997,470748.3304,0.47074833,80,0.000177328,177.3279882,0.000169942,169.9421853,696319.0393,0.696319039,120,0.000172335,172.3347966,R,295338,262817.8806,0.262817881,27,597942,532101.6909,0.532101691,54,0.000102733,102.7327362,0.000101484,101.4843608,794919.5715,0.794919572,81,0.000101897,101.8971012,0.00014003,5.27E-05,140.0303622,52.74680853,0.000135713,4.84E-05,135.7132731,48.40699191,0.000137116,4.98E-05,137.1159489,49.80697209
exp3,2016,run12,2016-443,L,325545,289698.7416,0.289698742,89,531133,472649.1322,0.472649132,151,0.000307216,307.2156942,0.000319476,319.4758854,762347.8738,0.762347874,240,0.000314817,314.8169074,L,358912,319391.6502,0.31939165,57,614084,546466.2705,0.546466271,121,0.000178464,178.4642772,0.000221423,221.4226321,865857.9207,0.865857921,178,0.000205576,205.5764528,0.00024284,9.10E-05,242.8399857,91.04099999,0.000270449,6.93E-05,270.4492588,69.33412033,0.000260197,7.72E-05,260.1966801,77.24466621
exp3,2016,run12,2016-444,R,256915,228625.696,0.228625696,28,639566,569142.4085,0.569142409,140,0.000122471,122.470923,0.000245984,245.9841296,797768.1045,0.797768105,168,0.000210588,210.5875116,R,285927,254443.1403,0.25444314,12,754224,671175.2406,0.671175241,66,4.72E-05,47.16181379,9.83E-05,98.33497425,925618.3808,0.925618381,78,8.43E-05,84.2679895,8.48E-05,5.33E-05,84.81636837,53.25158178,0.00017216,0.000104404,172.1595519,104.403719,0.000147428,8.93E-05,147.4277506,89.3213907
exp3,2016,run12,2016-445,R,222077,197623.7615,0.197623762,46,539856,480411.6293,0.480411629,132,0.000232766,232.7655321,0.000274764,274.7643728,678035.3908,0.678035391,178,0.000262523,262.5231698,R,271397,241513.0608,0.241513061,42,636803,566683.6467,0.566683647,114,0.000173904,173.9036384,0.00020117,201.1704426,808196.7075,0.808196707,156,0.000193022,193.0223157,0.000203335,4.16E-05,203.3345853,41.62164416,0.000237967,5.20E-05,237.9674077,52.03876711,0.000227773,4.91E-05,227.7727427,49.14452522
exp3,2016,run12,2016-446,L,313015,278548.4391,0.278548439,30,525334,467488.6689,0.467488669,65,0.000107701,107.7011959,0.000139041,139.0408032,746037.108,0.746037108,95,0.00012734,127.3395103,L,348341,309984.6392,0.309984639,17,627933,558790.336,0.558790336,53,5.48E-05,54.84142713,9.48E-05,94.84773911,868774.9751,0.868774975,70,8.06E-05,80.57322322,8.13E-05,3.74E-05,81.2713115,37.37750093,0.000116944,3.12E-05,116.9442711,31.24921528,0.000103956,3.31E-05,103.9563668,33.06875872
exp3,2016,run12,2016-447,R,287491,255834.9258,0.255834926,44,506432,450667.9971,0.450667997,45,0.000171986,171.9859001,9.99E-05,99.85177623,706502.9229,0.706502923,89,0.000125973,125.9725857,R,321208,285839.2953,0.285839295,48,576839,513322.3745,0.513322375,41,0.000167927,167.9265265,7.99E-05,79.871835,799161.6698,0.79916167,89,0.000111367,111.3667026,0.000169956,2.87E-06,169.9562133,2.87041062,8.99E-05,1.41E-05,89.86180562,14.12795193,0.00011867,1.03E-05,118.6696441,10.327919
exp3,2016,run12,2016-449,R,241154,214600.1638,0.214600164,104,423178,376581.2225,0.376581223,177,0.000484622,484.6221836,0.000470018,470.0181247,591181.3863,0.591181386,281,0.000475319,475.3194307,R,267863,238368.195,0.238368195,67,693033,616722.0753,0.616722075,154,0.000281078,281.0777672,0.000249707,249.7072931,855090.2702,0.85509027,221,0.000258452,258.452245,0.00038285,0.000143928,382.8499754,143.9276371,0.000359863,0.000155783,359.8627089,155.783283,0.000366886,0.000153348,366.8858378,153.3482576
exp3,2016,run12,2016-450,R,283311,252115.192,0.252115192,34,679332,604529.7134,0.604529713,203,0.000134859,134.8589894,0.000335798,335.7982172,856644.9054,0.856644905,237,0.000276661,276.6607243,R,314144,279553.1232,0.279553123,18,484392,431054.8552,0.431054855,147,6.44E-05,64.38847756,0.000341024,341.0238818,710607.9784,0.710607978,165,0.000232196,232.1955354,9.96E-05,4.98E-05,99.62373347,49.83017677,0.000338411,3.70E-06,338.4110495,3.695102865,0.000254428,3.14E-05,254.4281298,31.44163661
exp3,2016,run12,2016-451,R,229061,203838.7426,0.203838743,46,666335,592963.8329,0.592963833,162,0.000225669,225.668582,0.000273204,273.2038465,796802.5755,0.796802576,208,0.000261043,261.0433329,R,263759,234716.0927,0.234716093,49,752667,669789.6842,0.669789684,199,0.000208763,208.7628481,0.000297108,297.1081889,904505.7769,0.904505777,248,0.000274183,274.1828812,0.000217216,1.20E-05,217.2157151,11.95415911,0.000285156,1.69E-05,285.1560177,16.90292257,0.000267613,9.29E-06,267.6131071,9.291063703
exp3,2016,run12,2016-452,L,272501,242495.4977,0.242495498,71,562812,500839.909,0.500839909,112,0.000292789,292.7889412,0.000223624,223.6243518,743335.4066,0.743335407,183,0.000246188,246.1876541,L,312268,277883.6924,0.277883692,46,714141,635505.8411,0.635505841,74,0.000165537,165.536882,0.000116443,116.4426748,913389.5335,0.913389533,120,0.000131379,131.3787772,0.000229163,9.00E-05,229.1629116,89.98079396,0.000170034,7.58E-05,170.0335133,75.78889061,0.000188783,8.12E-05,188.7832157,81.18213544
exp3,2016,run12,2016-453,R,133558,118851.7241,0.118851724,6,696068,619422.8868,0.619422887,54,5.05E-05,50.48307077,8.72E-05,87.17792182,738274.6109,0.738274611,60,8.13E-05,81.27057211,R,168815,150226.5219,0.150226522,19,772242,687209.251,0.687209251,28,0.000126476,126.47567,4.07E-05,40.74450389,837435.7729,0.837435773,47,5.61E-05,56.12370706,8.85E-05,5.37E-05,88.47937036,53.73488221,6.40E-05,3.28E-05,63.96121286,32.8333847,6.87E-05,1.78E-05,68.69713958,17.7815188
exp3,2016,run12,2016-454,L,329988,293652.5161,0.293652516,25,640984,570404.2704,0.57040427,121,8.51E-05,85.13463577,0.00021213,212.1302492,864056.7864,0.864056786,146,0.00016897,168.9703759,L,380515,338615.9108,0.338615911,14,725380,645507.2976,0.645507298,104,4.13E-05,41.34477901,0.000161114,161.113593,984123.2083,0.984123208,118,0.000119904,119.9036858,6.32E-05,3.10E-05,63.23970739,30.96410466,0.000186622,3.61E-05,186.6219211,36.07422356,0.000144437,3.47E-05,144.4370309,34.69538927
exp3,2016,run12,2016-455,R,266040,236745.9283,0.236745928,17,596364,530697.4469,0.530697447,72,7.18E-05,71.80693718,0.000135671,135.6705227,767443.3752,0.767443375,89,0.000115969,115.9694681,R,311338,277056.0961,0.277056096,15,711153,632846.8543,0.632846854,55,5.41E-05,54.14066035,8.69E-05,86.90886211,909902.9505,0.90990295,70,7.69E-05,76.93128148,6.30E-05,1.25E-05,62.97379877,12.49194414,0.00011129,3.45E-05,111.2896924,34.47970085,9.65E-05,2.76E-05,96.45037478,27.60416647
exp3,2016,run12,2016-456,L,172760,153737.1319,0.153737132,84,697973,621118.1243,0.621118124,135,0.000546387,546.3871933,0.00021735,217.3499608,774855.2562,0.774855256,219,0.000282633,282.6334315,R,299143,266203.9063,0.266203906,26,631124,561629.9701,0.56162997,124,9.77E-05,97.6694909,0.000220786,220.7859384,827833.8763,0.827833876,150,0.000181196,181.195774,0.000322028,0.000317291,322.0283421,317.2913302,0.000219068,2.43E-06,219.0679496,2.429603064,0.000231915,7.17E-05,231.9146028,71.72725547
exp3,2016,run12,2016-457,R,86518,76991.37055,0.076991371,60,833267,741514.6948,0.741514695,282,0.000779308,779.3081168,0.000380303,380.3026453,818506.0654,0.818506065,342,0.000417834,417.8344113,L,332295,295705.4888,0.295705489,37,746016,663871.036,0.663871036,106,0.000125124,125.1244952,0.00015967,159.6695657,959576.5248,0.959576525,143,0.000149024,149.0240708,0.000452216,0.000462578,452.216306,462.577675,0.000269986,0.000156011,269.9861055,156.0111468,0.000283429,0.000190078,283.4292411,190.0776146
exp3,2016,run12,2016-458,R,240764,214253.1073,0.214253107,108,931169,828636.5557,0.828636556,122,0.000504077,504.0767032,0.00014723,147.2298068,1042889.663,1.042889663,230,0.000220541,220.5410679,L,271518,241620.7373,0.241620737,17,815766,725940.7567,0.725940757,31,7.04E-05,70.35819934,4.27E-05,42.7032092,967561.494,0.967561494,48,4.96E-05,49.60924995,0.000287217,0.000306685,287.2174513,306.6852952,9.50E-05,7.39E-05,94.966508,73.91146597,0.000135075,0.000120867,135.0751589,120.8670476
exp3,2016,run12,2016-459,L,295327,262808.0919,0.262808092,45,547303,487038.6287,0.487038629,136,0.000171228,171.2276045,0.000279239,279.2386312,749846.7206,0.749846721,181,0.000241383,241.3826653,L,380582,338675.5333,0.338675533,51,576844,513326.824,0.513326824,92,0.000150587,150.5866087,0.000179223,179.2230519,852002.3572,0.852002357,143,0.00016784,167.8399112,0.000160907,1.46E-05,160.9071066,14.59538808,0.000229231,7.07E-05,229.2308415,70.72169433,0.000204611,5.20E-05,204.6112883,52.00258014
exp3,2016,run12,2016-460,L,163204,145233.3577,0.145233358,42,696838,620108.1009,0.620108101,213,0.00028919,289.189761,0.000343488,343.4884977,765341.4586,0.765341459,255,0.000333185,333.184616,L,184413,164107.0022,0.164107002,47,886035,788472.3296,0.78847233,245,0.000286399,286.3985044,0.000310727,310.7274546,952579.3318,0.952579332,292,0.000306536,306.536149,0.000287794,1.97E-06,287.7941327,1.973716471,0.000327108,2.32E-05,327.1079762,23.16555573,0.00031986,1.88E-05,319.8603825,18.84331172
exp3,2016,run12,2016-461,L,332617,295992.0329,0.295992033,18,601754,535493.9457,0.535493946,97,6.08E-05,60.81244764,0.000181141,181.1411703,831485.9786,0.831485979,115,0.000138307,138.3066016,R,373857,332691.0333,0.332691033,17,689295,613395.6722,0.613395672,57,5.11E-05,51.09846163,9.29E-05,92.92533773,946086.7055,0.946086706,74,7.82E-05,78.21693252,5.60E-05,6.87E-06,55.95545463,6.868825381,0.000137033,6.24E-05,137.033254,62.37801339,0.000108262,4.25E-05,108.2617671,42.48981251
exp3,2016,run12,2016-462,R,307097,273282.0791,0.273282079,68,562038,500151.1353,0.500151135,197,0.000248827,248.8271467,0.000393881,393.8809414,773433.2144,0.773433214,265,0.000342628,342.6281611,R,335411,298478.3812,0.298478381,40,727754,647619.8928,0.647619893,116,0.000134013,134.0130559,0.000179117,179.1174133,946098.2741,0.946098274,156,0.000164888,164.8877334,0.00019142,8.12E-05,191.4201013,81.18582217,0.000286499,0.000151861,286.4991773,151.8607471,0.000253758,0.000125681,253.7579473,125.6814617
exp3,2016,run12,2016-463,R,293330,261030.9846,0.261030985,59,623542,554882.8357,0.554882836,150,0.000226027,226.0268071,0.000270327,270.3273382,815913.8203,0.81591382,209,0.000256155,256.1545041,R,330675,294263.8695,0.294263869,44,702590,625226.7394,0.625226739,96,0.000149526,149.5256624,0.000153544,153.5442967,919490.6088,0.919490609,140,0.000152258,152.2582163,0.000187776,5.41E-05,187.7762347,54.09447819,0.000211936,8.26E-05,211.9358175,82.57808057,0.000204206,7.35E-05,204.2063602,73.46576963
exp3,2016,run12,2016-464,R,342394,304692.4724,0.304692472,118,541019,481446.5696,0.48144657,259,0.000387276,387.275731,0.000537962,537.9620842,786139.042,0.786139042,377,0.000479559,479.5589328,R,385233,342814.4045,0.342814405,92,622151,553645.0008,0.553645001,96,0.000268367,268.3667862,0.000173396,173.3963097,896459.4054,0.896459405,188,0.000209714,209.7139021,0.000327821,8.41E-05,327.8212586,84.08132126,0.000355679,0.000257787,355.6791969,257.7869314,0.000344636,0.000190809,344.6364175,190.809251
exp3,2016,run12,2016-465,R,358148,318711.7754,0.318711775,52,475008,422704.1418,0.422704142,126,0.000163157,163.1568207,0.000298081,298.0808266,741415.9172,0.741415917,178,0.000240081,240.0811688,R,400707,356584.5387,0.356584539,38,562369,500445.6884,0.500445688,96,0.000106567,106.5665947,0.000191829,191.8290081,857030.2271,0.857030227,134,0.000156354,156.3538785,0.000134862,4.00E-05,134.8617077,40.01533261,0.000244955,7.51E-05,244.9549173,75.13138137,0.000198218,5.92E-05,198.2175237,59.20413477
exp3,2016,run14,2016-506,L,353562,314630.7468,0.314630747,48,523597,465942.9327,0.465942933,199,0.00015256,152.5597879,0.000427091,427.0909291,780573.6795,0.78057368,247,0.000316434,316.4339338,L,391910,348756.1899,0.34875619,30,619260,551072.3333,0.551072333,73,8.60E-05,86.01997863,0.000132469,132.4689983,899828.5231,0.899828523,103,0.000114466,114.4662537,0.00011929,4.71E-05,119.2898833,47.05075034,0.00027978,0.000208329,279.7799637,208.3291651,0.00021545,0.000142813,215.4500937,142.8127162
exp3,2016,run14,2016-507,L,313698,279156.2329,0.279156233,150,629227,559941.8516,0.559941852,287,0.000537334,537.3335155,0.000512553,512.5532217,839098.0846,0.839098085,437,0.000520797,520.7972799,L,365626,325366.3613,0.325366361,116,703874,626369.3562,0.626369356,177,0.000356521,356.5211828,0.000282581,282.5808738,951735.7175,0.951735718,293,0.000307859,307.8585731,0.000446927,0.000127854,446.9273492,127.8536265,0.000397567,0.000162615,397.5670477,162.6150066,0.000414328,0.00015057,414.3279265,150.5704035
exp3,2016,run14,2016-509,R,120790,107489.6282,0.107489628,55,656212,583955.492,0.583955492,219,0.000511677,511.6772747,0.000375029,375.0285818,691445.1201,0.69144512,274,0.000396272,396.2715073,R,143401,127610.8963,0.127610896,46,694887,618371.9285,0.618371929,115,0.000360471,360.4707852,0.000185972,185.9722195,745982.8248,0.745982825,161,0.000215823,215.8226633,0.000436074,0.000106919,436.07403,106.9191341,0.0002805,0.000133683,280.5004006,133.6830358,0.000306047,0.000127597,306.0470853,127.5966013
exp3,2016,run14,2016-510,L,148627,132261.4535,0.132261453,50,755045,671905.839,0.671905839,305,0.000378039,378.0390937,0.000453933,453.9326529,804167.2925,0.804167292,355,0.00044145,441.4504337,R,204743,182198.4348,0.182198435,4,728783,648535.588,0.648535588,88,2.20E-05,21.95408542,0.00013569,135.6903177,830734.0228,0.830734023,92,0.000110745,110.7454341,0.000199997,0.00025179,199.9965896,251.790124,0.000294811,0.000225031,294.8114853,225.0313133,0.000276098,0.000233844,276.0979339,233.8437477
exp3,2016,run14,2016-511,R,306212,272494.5278,0.272494528,83,451840,402087.2058,0.402087206,184,0.000304593,304.5932726,0.000457612,457.612173,674581.7336,0.674581734,267,0.000395801,395.8008151,R,383088,340905.5938,0.340905594,45,494130,439720.5891,0.439720589,112,0.000132001,132.0013541,0.000254707,254.7071999,780626.1829,0.780626183,157,0.000201121,201.1205919,0.000218297,0.000122041,218.2973133,122.0409159,0.00035616,0.000143475,356.1596865,143.4754825,0.000298461,0.00013766,298.4607035,137.6597059
exp3,2016,run14,2016-512,L,394277,350862.5559,0.350862556,90,652741,580866.6891,0.580866689,301,0.000256511,256.5107005,0.000518191,518.1911885,931729.245,0.931729245,391,0.00041965,419.6498093,L,423439,376813.4834,0.376813483,70,798774,710819.7719,0.710819772,144,0.000185768,185.7682994,0.000202583,202.5829974,1087633.255,1.087633255,214,0.000196757,196.7574998,0.000221139,5.00E-05,221.1395,50.02243157,0.000360387,0.000223169,360.387093,223.1686921,0.000308204,0.000157609,308.2036546,157.6086636
exp3,2016,run14,2016-513,L,214232,190642.5865,0.190642586,74,10224290,9098477.774,9.098477774,335,0.000388161,388.1609108,3.68E-05,36.81934586,9289120.36,9.28912036,409,4.40E-05,44.03000329,L,238149,211926.049,0.211926049,59,920528,819167.2525,0.819167253,189,0.000278399,278.3989995,0.000230722,230.7221137,1031093.302,1.031093302,248,0.000240521,240.5213957,0.00033328,7.76E-05,333.2799551,77.6133918,0.000133771,0.00013711,133.7707298,137.109962,0.000142276,0.00013894,142.2756995,138.940396
exp3,2016,run14,2016-514,L,259206,230664.4305,0.23066443,44,534428,475581.3147,0.475581315,119,0.000190753,190.7532943,0.00025022,250.2200913,706245.7451,0.706245745,163,0.000230798,230.7978506,L,267838,238345.9477,0.238345948,10,583965,519663.7198,0.51966372,57,4.20E-05,41.95582134,0.000109686,109.686318,758009.6675,0.758009667,67,8.84E-05,88.38937401,0.000116355,0.000105216,116.3545578,105.2157022,0.000179953,9.94E-05,179.9532047,99.37238414,0.000159594,0.000100698,159.5936123,100.6979995
exp3,2016,run14,2016-516,L,176261,156852.6314,0.156852631,137,756448,673154.3525,0.673154353,325,0.000873431,873.4313142,0.000482802,482.8016023,830006.984,0.830006984,462,0.000556622,556.6218224,L,193811,172470.1741,0.172470174,87,882426,785260.7221,0.785260722,239,0.000504435,504.435045,0.000304358,304.3575125,957730.8961,0.957730896,326,0.000340388,340.3878911,0.000688933,0.00026092,688.9331796,260.9197642,0.00039358,0.000126179,393.5795574,126.179026,0.000448505,0.0001529,448.5048568,152.9004791
exp3,2016,run14,2016-517,R,184731,164389.9868,0.164389987,150,495103,440586.4506,0.440586451,309,0.000912464,912.4643353,0.000701338,701.3379544,604976.4374,0.604976437,459,0.000758707,758.7072349,R,196677,175020.5944,0.175020594,91,694499,618026.6518,0.618026652,156,0.000519939,519.9388124,0.000252416,252.4162988,793047.2462,0.793047246,247,0.000311457,311.4568535,0.000716202,0.000277557,716.2015739,277.5574591,0.000476877,0.000317436,476.8771266,317.4355469,0.000535082,0.000316254,535.0820442,316.2537776
exp3,2016,run14,2016-518,L,183509,163302.543,0.163302543,35,331943,295392.248,0.295392248,14,0.000214326,214.3261173,4.74E-05,47.39460867,458694.7911,0.458694791,49,0.000106825,106.8248451,L,217632,193668.2073,0.193668207,11,471379,419474.7366,0.419474737,3,5.68E-05,56.79817124,7.15E-06,7.15180138,613142.9439,0.613142944,14,2.28E-05,22.83317478,0.000135562,0.000111389,135.5621443,111.3890789,2.73E-05,2.85E-05,27.27320503,28.45596193,6.48E-05,5.94E-05,64.82900993,59.39107964
exp3,2016,run14,2016-519,R,139952,124541.671,0.124541671,49,593964,528561.7146,0.528561715,311,0.000393443,393.4426093,0.000588389,588.3891917,653103.3856,0.653103386,360,0.000551214,551.2144141,R,176608,157161.4227,0.157161423,28,734244,653395.269,0.653395269,203,0.000178161,178.1607695,0.000310685,310.684833,810556.6917,0.810556692,231,0.000284989,284.9893195,0.000285802,0.000152227,285.8016894,152.2272488,0.000449537,0.000196367,449.5370123,196.3666352,0.000418102,0.00018825,418.1018668,188.2495697
exp3,2016,run14,2016-520,L,189762,168867.0156,0.168867016,64,606373,539604.3406,0.539604341,197,0.000378996,378.9964533,0.000365082,365.0823116,708471.3562,0.708471356,261,0.000368399,368.3988036,R,281103,250150.3183,0.250150318,32,657432,585041.1559,0.585041156,110,0.000127923,127.9230833,0.000188021,188.0209604,835191.4742,0.835191474,142,0.000170021,170.0208927,0.00025346,0.000177536,253.4597683,177.5356825,0.000276552,0.000125201,276.551636,125.2012821,0.00026921,0.000140274,269.2098481,140.274366
exp3,2016,run14,2016-521,L,273636,243505.5211,0.243505521,64,460342,409653.0376,0.409653038,151,0.000262828,262.8277162,0.000368605,368.6046145,653158.5586,0.653158559,215,0.00032917,329.1696896,L,299230,266281.3266,0.266281327,29,607408,540525.3751,0.540525375,69,0.000108907,108.9073739,0.000127654,127.6535815,806806.7017,0.806806702,98,0.000121467,121.4665171,0.000185868,0.000108838,185.8675451,108.8381178,0.000248129,0.000170378,248.129098,170.3781094,0.000225318,0.000146868,225.3181033,146.8683218
